3867 5917
624 740 1093 887 PRAEFATIO.

207 1480 399 1550 Oratorttm
416 1477 613 1548 Atticorum
626 1475 801 1565 collectio,
821 1496 917 1573 quae,
933 1477 1104 1572 sejunctis
1119 1478 1233 1574 copiis
1245 1478 1550 1564 Demosthenicis,

163 1602 285 1699 priseae
305 1607 540 1669 monumenta
557 1597 770 1695 eloquentie
782 1598 819 1670 in
836 1620 952 1671 unum
965 1600 1068 1696 quasi
1091 1618 1224 1697 eorpus
1244 1602 1444 1698 composita
1466 1620 1552 1697 prae·

163 1724 278 1810 beret,
295 1718 392 1818 apud
413 1719 534 1791 Gallos
556 1719 744 1816 hucusque
760 1722 867 1792 unica
884 1721 944 1793 iiia
959 1721 1034 1792 sola
1052 1714 1228 1810 exstabat,
1253 1740 1361 1819 quam
1377 1723 1551 1792 ilenrieus

163 1844 363 1942 Stephanus
381 1862 478 1913 anno
495 1840 689 1914 nntxxt
707 1845 801 1938 typis
816 1842 1044 1914 nitidissimis
1059 1846 1194 1913 curavit
1212 1843 1468 1915 excutiendam.
1482 1846 1551 1913 Cu·

161 1969 218 2063 jus
232 1963 300 2036 rin'
318 1963 539 2035 celeberrimi
554 1974 637 2060 post
651 1964 718 2034 tria
733 1963 805 2034 lere
819 1964 937 2036 seottla
949 1983 1133 2036 successor
1147 1965 1553 2062 emulusquequtnns

164 2092 296 2176 Drnor,
311 2085 493 2184 publicam
505 2085 696 2156 utilitatem
718 2083 919 2155 commodis
934 2085 1008 2154 suis
1028 2085 1176 2181 privatis
1195 2096 1437 2180 anteponens,
1454 2106 1552 2154 nunc

166 2228 293 2279 novam
310 2208 446 2279 hancce
469 2221 651 2279 oratorum
675 2206 892 2291 editionem,
920 2204 1068 2275 duobus
1092 2204 1337 2276 voluminibus
1363 2204 1552 2276 absolven-

165 2328 257 2419 dam,
269 2328 572 2427 eloquentissimis
588 2329 662 2399 suis
674 2327 814 2399 civibus
832 2325 946 2397 offert.
966 2331 1015 2396 hc
1032 2327 1191 2423 primum
1205 2325 1352 2422 quidem
1365 2326 1550 2412 volumen,

163 2451 261 2548 quod
270 2452 344 2546 jam
360 2453 398 2522 in
420 2450 608 2549 publicum
624 2448 760 2546 prodit,
773 2434 953 2520 orationes
969 2449 1132 2519 continet
1157 2447 1412 2544 Antiphontis,
1430 2448 1552 2519 hodo*

166 2571 269 2659 cidis,
283 2571 409 2666 Lysiae,
425 2570 499 2641 Isari
516 2580 552 2640 et
571 2570 735 2641 isocratis
752 2594 760 2638 ε
776 2569 928 2640 alterurn
942 2588 1044 2656 tero,
1064 2592 1147 2641 mox
1162 2569 1272 2658 iliud,
1289 2568 1342 2639 uti
1357 2588 1552 2666 speramus,

164 2690 458 2780 subsecuturum,
485 2706 613 2788 praeter
631 2690 790 2787 reliquos
817 2705 976 2761 oratores
995 2690 1149 2761 decuriae
1173 2692 1310 2779 Atticae,
1332 2697 1553 2787 Lycurgum,

165 2815 364 2886 AEschinem
383 2830 418 2885 et
438 2814 680 2904 Dinarchum,
703 2814 983 2885 declamationes
1008 2811 1268 2907 complectetur
1293 2810 1552 2907 sophistarum,

164 2952 415 3033 quosuomnt,
439 2936 595 3034 Gorgiae,
620 2936 862 3024 Antisthenis,
889 2933 1138 3020 Lesbnoactis,
1159 2931 1381 3017 Polemonis,
1403 2931 1553 3003 Herodis

165 3054 558 3147 Attici,rilcidamantis.
580 3056 644 3130 His
662 3057 806 3148 deinde,
822 3074 1007 3154 tamquam
1031 3055 1325 3152 supplementum
1345 3072 1554 3149 notumque

165 3180 273 3275 hujus
295 3178 465 3251 editionis
477 3193 743 3267 ornamentum,
765 3178 936 3251 secedent
954 3178 1161 3248 omtionum
1184 3173 1452 3271 deperditarum
1472 3175 1554 3245 reli·

164 3300 272 3397 quiae,
294 3322 373 3398 quae
395 3315 645 3399 perveterum
675 3300 805 3397 scripta
832 3299 1004 3397 dispersae
1032 3295 1260 3369 delitescunt.
1288 3295 1554 3391 snbjungemus

165 3421 334 3518 deinceps
351 3432 430 3492 tum
447 3418 589 3492 minora
607 3436 697 3518 quot
714 3436 907 3518 supersunt
927 3422 965 3490 in
992 3417 1274 3490 Demosthenem
1294 3433 1329 3488 et
1347 3418 1551 3488 AEschinem

167 3538 315 3630 sdrolia,
338 3556 417 3612 turn
443 3564 528 3612 vero
555 3540 698 3638 Ulpiani
718 3542 755 3613 in
779 3543 960 3614 orationes
985 3540 1241 3612 Demosthenis
1257 3540 1553 3626 commentarios,

165 3682 318 3758 quorum
340 3684 469 3734 novam
499 3658 699 3735 editionem
721 3674 822 3736 tanto
843 3662 1034 3761 gratiorem
1048 3663 1134 3734 siris
1161 3663 1310 3733 literatis
1332 3661 1407 3733 lore
1435 3684 1554 3759 spera·

165 3800 263 3870 mus,
284 3795 421 3878 quanto
439 3781 553 3877 major
569 3784 608 3852 in
629 3792 726 3854 tmrta
753 3784 872 3880 operis
893 3784 1045 3856 utilitate
1074 3784 1322 3881 exemplorum
1339 3797 1393 3854 est
1417 3784 1551 3854 raritas.

164 3898 298 3999 Spretis
316 3896 474 3999 denique
488 3901 639 3975 minutis
659 3903 735 3975 istis
751 3902 930 3995 indiculis,
950 3926 1043 4003 quos
1058 3906 1240 4003 prioribus
1258 3904 1480 3975 editionibus
1494 3905 1554 3975 ad·

164 4042 305 4121 spernus
316 4022 447 4113 habes,
464 4042 584 4096 rernm
600 4021 863 4123 nominumque
877 4029 1062 4113 omnium,
1080 4046 1159 4124 quae
1174 4046 1239 4123 per
1250 4025 1324 4096 duo
1343 4039 1462 4096 nostra
1479 4048 1554 4095 ora·

167 4144 308 4215 donum
334 4144 628 4242 scholiorumque
645 4147 829 4221 volumina
854 4161 1196 4236 commemorantur,
1222 4145 1364 4217 tabulas
1382 4162 1493 4217 novas
1519 4162 1551 4215 et

166 4263 461 4363 locupletissimas
482 4290 757 4364 componemus.
774 4280 778 4286 “
1108 4344 1111 4349 Α

209 4391 287 4458 lam
307 4403 349 4458 ut
371 4382 416 4458 de
430 4389 568 4459 ratione
587 4390 719 4485 prioris
736 4388 846 4485 huJus
869 4390 1064 4461 voluminis
1091 4390 1292 4460 accuratius
1314 4387 1449 4475 dicam,
1476 4385 1552 4456 steri

166 4508 316 4578 omnino
337 4532 412 4577 non
425 4510 554 4604 potuit,
569 4509 659 4605 quin
675 4533 870 4605 graecorum
885 4512 1079 4583 verborum
1094 4526 1283 4582 contextus
1295 4509 1553 4606 exprimeretur

167 4628 365 4699 secundum
378 4630 625 4701 recensionem
638 4630 965 4727 diligentissimam,
982 4656 1092 4727 quam
1109 4645 1192 4726 post
1211 4629 1409 4700 Beldterttm
1425 4625 1553 4698 duum·

167 4751 228 4820 viri
239 4749 633 4837 doctissimi‚Bs1rnnus
645 4768 681 4823 et
694 4756 879 4839 sturnos,
892 4752 1097 4846 conjunctis
1111 4753 1205 4824 euris
1215 4751 1459 4821 instituerunt.
1480 4754 1553 4820 Iso·

166 4872 248 4941 erati
262 4874 636 4968 praetereacontigitut
650 4874 756 4945 etiam
775 4869 927 4970 δευτέραις
941 4878 1091 4971 φροντίσιν
1105 4876 1142 4944 in
1155 4897 1264 4944 usum
1277 4872 1426 4943 Firmini
1442 4871 1553 4942 Didot

166 5014 184 5060 a
202 4993 340 5065 Baitero
363 5009 676 5089 recognosceretur
699 4993 814 5090 (Vide
836 4991 1081 5090 prefationem
1103 5018 1184 5091 quae
1206 4994 1354 5065 Isocrati
1376 4992 1450 5087 jam
1469 5006 1553 5063 ante

166 5131 299 5181 annum
315 5114 505 5208 separatim
529 5113 567 5183 in
581 5111 768 5209 publicum
785 5114 917 5185 emisso
927 5111 1067 5210 pruiixa
1079 5112 1164 5208 est).
1179 5111 1319 5201 Quodsi
1331 5137 1417 5185 vero
1431 5111 1476 5183 ab
1484 5110 1552 5181 hac

863 5254 874 5297 r
