3867 5917
656 856 1154 1004 Pennino.
1293 917 1296 920 -

292 1800 374 1868 Non
399 1794 515 1866 ullum
534 1795 608 1865 fere
630 1794 846 1891 scriptorem
863 1793 1055 1887 antiquum
1071 1804 1173 1859 tanto
1189 1811 1300 1885 opere
1318 1787 1412 1883 juvit
1425 1761 1586 1883 diligens

243 1918 444 2015 exploratio
462 1915 632 1988 codicum
654 1929 794 2012 quanto
813 1918 1021 1986 Isocratem.
1049 1916 1083 1982 is
1099 1911 1146 1982 ab
1164 1909 1376 1982 rhetoribus
1394 1908 1587 1981 incredibi-

242 2040 314 2112 lem
335 2044 371 2111 in
393 2038 545 2110 modurn
566 2038 807 2136 interpolatus
830 2035 1018 2132 legebatur
1039 2059 1105 2133 per
1126 2034 1273 2130 longam
1295 2033 1513 2104 saeculorum
1532 2057 1586 2103 se·

242 2164 356 2252 riom,
386 2162 506 2234 donec
527 2162 739 2233 Urbinatem
756 2159 921 2233 codicem
934 2159 981 2232 ab
1001 2183 1037 2230 se
1051 2183 1242 2230 excussum
1263 2156 1376 2228 edidit
1389 2162 1588 2244 Benacus,

247 2286 350 2381 cujus
368 2282 495 2356 relatio
524 2284 632 2356 docet
661 2299 799 2381 quanta
819 2283 888 2355 sibi
917 2282 1146 2380 permiserint
1169 2296 1307 2352 veteres
1330 2279 1486 2376 magistri
1507 2304 1587 2348 mu-

246 2403 359 2476 tando
378 2402 651 2500 fingendoque‚
681 2419 716 2475 et
741 2402 906 2501 exemplo
930 2402 1160 2474 demonstrat
1180 2416 1295 2473 artem
1322 2401 1486 2472 criticam
1511 2423 1586 2470 non

245 2522 426 2594 contineri
446 2523 485 2592 in
506 2522 740 2594 confusarum
757 2523 944 2594 literarum
958 2522 1157 2593 notatione.
1175 2523 1368 2592 Isocratem
1381 2518 1455 2602 hoc
1477 2517 1588 2589 rnodo

245 2660 330 2718 ante
349 2645 419 2716 bos
439 2659 511 2717 tres
529 2660 564 2717 et
585 2646 711 2742 viginti
729 2670 846 2718 annos
867 2670 951 2718 vere
975 2660 1140 2716 renatum
1164 2644 1330 2716 comitari
1349 2667 1424 2714 non
1447 2657 1589 2740 poterat

248 2770 461 2865 Hieronymi
475 2768 600 2840 Wolfii
614 2770 780 2866 quamvis
794 2769 892 2842 bona
906 2768 1094 2841 translatio
1109 2795 1116 2838 :
1136 2766 1404 2863 multa'refingi‚
1426 2766 1588 2864 suppleri

249 2895 363 2965 multa
375 2894 569 2966 debebant.
582 2894 692 2982 Quod
706 2896 871 2993 praestitit
887 2895 1100 2994 professoris
1112 2894 1463 2989 CoburgensisEA.
1474 2898 1501 2962 1.
1510 2891 1588 2960 Ale·

192 3055 195 3062 ·
247 3043 329 3088 rens
342 3017 449 3089 docta
462 3017 659 3114 diligentia.
673 3022 797 3091 Graeca
811 3034 932 3090 autern
953 3033 1038 3116 post
1057 3017 1251 3089 Belrlrerum
1266 3031 1300 3088 et
1311 3022 1353 3088 G.
1364 3015 1587 3109 Dirutorfium

248 3142 404 3212 maxima
430 3153 516 3212 cu'ra
538 3155 752 3213 tractaverat
772 3147 963 3230 Bar'terus,
988 3142 1053 3237 qui
1079 3156 1261 3236 quantum
1285 3141 1323 3210 in
1342 3139 1414 3209 hoc
1443 3151 1587 3208 oratore

248 3262 358 3334 studii
376 3262 539 3358 posuerit
558 3261 720 3333 editione
737 3264 946 3357 Panegyrici
974 3278 1009 3333 et
1030 3262 1110 3333 aliis
1133 3263 1277 3360 scriptis
1298 3262 1447 3334 abunde
1465 3276 1587 3333 osten·

249 3383 311 3454 dit.
332 3383 417 3478 Ejus
432 3384 539 3479 igitur
556 3384 625 3454 viri
645 3383 745 3455 docti
765 3385 1014 3456 recensionem
1025 3391 1277 3482 expressimus,
1306 3386 1488 3482 appellato
1507 3385 1587 3482 ipso

250 3507 282 3576 si
308 3507 397 3603 quid
422 3523 512 3578 esset
539 3507 641 3604 quod
660 3508 735 3602 jam
761 3509 866 3580 aliter
892 3508 1001 3580 scribi
1033 3508 1150 3580 vellet.
1181 3513 1308 3606 Neque
1334 3533 1433 3580 nunc
1462 3507 1588 3579 deesse

250 3632 395 3702 Isocrati
419 3631 536 3703 voluit
555 3657 644 3722 suc,
669 3632 730 3704 sed
751 3632 940 3705 observata
963 3657 1058 3703 nova
1076 3632 1270 3703 nobiscum
1293 3634 1586 3704 communicavit.

250 3756 418 3840 Quorum
437 3753 515 3826 haec
531 3780 886 3828 commemoremus:
906 3754 967 3826 Ad
982 3756 1151 3850 Νίοοσί5
1172 3782 1206 3845 n,
1232 3755 1255 3826 i.
1271 3781 1329 3853 29,
1349 3760 1442 3854 ἔργων
1461 3755 1586 3827 delen·

249 3874 338 3948 dum
360 3878 572 3972 significavit
586 3904 671 3950 curn
692 3894 769 3977 opt.
789 3878 898 3952 codd.
918 3882 1011 3972 540,
1030 3877 1077 3965 45
1091 3882 1246 3977 θαυμάσῃς
1263 3879 1407 3975 scripsit
1427 3904 1495 3977 pro
1517 3883 1587 3949 θαύ-

248 4001 325 4099 μαζε
351 4028 391 4074 ex
418 4029 485 4075 usu
511 4004 701 4102 loquendi.
719 4049 768 4061 -
790 4005 922 4076 Nicocl.
946 4009 965 4100 5
994 4033 1061 4093 22,
1088 4004 1135 4093 45
1162 4007 1304 4103 scripsit
1327 4011 1380 4076 καὶ
1404 4010 1507 4076 λαθεῖν
1534 4010 1586 4077 καὶ

249 4128 401 4220 ρθῆναι,
426 4150 494 4222 pro
512 4130 658 4221 ὀφθῆναι,
679 4130 817 4224 egregia
834 4127 1102 4200 emendatione.
1130 4131 1149 4222 5
1169 4131 1228 4214 ad,
1245 4128 1266 4198 8
1286 4142 1321 4198 et
1341 4128 1442 4220 530,
1459 4127 1501 4200 51
1524 4128 1587 4199 de-

247 4248 354 4320 lenda
379 4225 519 4322 notarit
544 4263 606 4321 τῶν
633 4236 789 4329 Ἀθηναίων
821 4268 857 4324 et
880 4265 941 4323 τῶν
972 4248 1060 4323 ἰδεῶν
1094 4277 1177 4323 cum
1208 4253 1366 4349 optimis.
1397 4254 1416 4345 5
1448 4249 1513 4339 55,
1539 4249 1585 4334 34

247 4380 429 4471 πραοτέρους
450 4399 519 4471 pro
538 4379 647 4472 πράους
671 4400 714 4447 ex
733 4390 809 4473 opt.
837 4379 856 4470 5
874 4376 936 4454 61,
955 4402 995 4446 nt
1020 4384 1050 4446 ἐν
1075 4390 1159 4447 ante
1175 4386 1241 4456 τοῖς
1260 4378 1360 4471 λόγοις
1376 4374 1480 4469 ejecit
1501 4396 1585 4443 cum

246 4497 354 4570 codd.
372 4539 420 4552 -
438 4503 571 4598 Paneg.
594 4502 613 4593 5
633 4500 691 4587 28,
709 4498 733 4570 6
750 4498 847 4571 delet
867 4497 975 4582 διττὰς
993 4524 1077 4570 cum
1094 4514 1170 4596 opt.
1192 4497 1285 4592 533,
1301 4503 1324 4583 [ρ
1343 4502 1588 4594 ὁμολογουμένως

247 4645 332 4692 cum
358 4625 401 4690 Η.
421 4620 556 4692 Wolfio
577 4646 646 4718 pro
672 4628 937 4721 ὁμολογουμένους.
964 4622 1071 4716 583,
1094 4623 1141 4720 39
1167 4622 1372 4718 transponit
1395 4620 1588 4718 quoderat

247 4752 304 4822 τὴν
324 4750 485 4840 σύμπασαν
508 4731 654 4818 ιΕλλοίδα.
680 4749 798 4845 5107,
815 4772 859 4844 27
892 4747 995 4818 delet'
1012 4752 1042 4817 ot
1058 4747 1146 4818 ἄλλοι
1164 4770 1247 4817 cum
1267 4761 1343 4843 opt.
1358 4787 1405 4798 —
1429 4745 1584 4846 ΡΙιιἸιριμ.

247 4869 266 4959 5
291 4891 319 4952 ι,
346 4892 357 4938 1
382 4867 503 4966 ἄγνοιαν
524 4894 592 4967 pro
613 4870 713 4940 ἄνοιαν
728 4895 814 4942 curn
834 4886 911 4968 opt.
934 4873 954 4964 5
976 4869 1042 4967 57,
1063 4875 1104 4956 41
1125 4895 1177 4967 sq.
1198 4869 1353 4941 correxit
1372 4868 1474 4965 quod
1492 4868 1587 4964 lege·

247 4987 357 5060 batur
372 4995 581 5090 ἀντιλέγουσιν
595 5002 644 5074 ὡς.
660 4995 680 5086 5
697 4990 777 5083 154,
805 4998 846 5080 td
864 4991 993 5092 κατίδῃς
1009 5018 1077 5090 pro
1094 4989 1245 5073 κατίδοις.
1259 5034 1307 5046 -·-
1323 4990 1468 5063 Arcltid.
1488 4993 1507 5084 §
1530 5016 1584 5088 17,

251 5110 295 5183 52
317 5115 473 5186 correxit
493 5140 535 5186 ex
555 5115 636 5188 cod.
653 5121 689 5187 E.
708 5117 876 5189 ordinem
899 5121 1041 5212 ἀρίκσντο
1060 5120 1101 5198 εἰς
1115 5123 1253 5213 Δελφούς.
1273 5118 1370 5213 574,
1395 5115 1436 5186 15
1457 5118 1585 5209 ἀρέσθαι

394 5249 515 5294 incontra.
1410 5261 1427 5294 a
