<?xml version="1.0" encoding="UTF-8"?>
<!DOCTYPE html PUBLIC "-//W3C//DTD XHTML 1.0 Transitional//EN"
    "http://www.w3.org/TR/xhtml1/DTD/xhtml1-transitional.dtd">
<html xmlns="http://www.w3.org/1999/xhtml" xml:lang="en" lang="en">
 <head>
  <title>
</title>
<meta http-equiv="Content-Type" content="text/html;charset=utf-8" />
  <meta name='ocr-system' content='tesseract 3.04.00' />
  <meta name='ocr-capabilities' content='ocr_page ocr_carea ocr_par ocr_line ocrx_word'/>
</head>
<body>
  <div class='ocr_page' id='page_1' title='image "./oratoresattici02hunzgoog/oratoresattici02hunzgoog_0371.png"; bbox 0 0 3867 5917; ppageno 0'>
   <div class='ocr_carea' id='block_1_1' title="bbox 16 426 1684 511">
    <p class='ocr_par' dir='ltr' id='par_1_1' title="bbox 16 426 1684 511">
     <span class='ocr_line' id='line_1_1' title="bbox 16 426 1684 511; baseline 0.007 -22"><span class='ocrx_word' id='word_1_1' title='bbox 16 492 22 511; x_wconf 64' lang='grc'>,</span> <span class='ocrx_word' id='word_1_2' title='bbox 99 426 226 507; x_wconf 71' lang='lat' dir='ltr'>(ue-nu)</span> <span class='ocrx_word' id='word_1_3' title='bbox 582 433 838 495; x_wconf 76' lang='lat' dir='ltr'>suTrPuult‘rrs</span> <span class='ocrx_word' id='word_1_4' title='bbox 858 436 1104 499; x_wconf 72' lang='lat' dir='ltr'>turstinum</span> <span class='ocrx_word' id='word_1_5' title='bbox 1128 438 1163 509; x_wconf 88' lang='grc'>11,</span> <span class='ocrx_word' id='word_1_6' title='bbox 1187 447 1213 497; x_wconf 84' lang='grc'>4.</span> <span class='ocrx_word' id='word_1_7' title='bbox 1651 452 1684 500; x_wconf 79' lang='lat' dir='ltr'>tt</span> 
     </span>
    </p>
   </div>
   <div class='ocr_carea' id='block_1_2' title="bbox 58 555 1692 1861">
    <p class='ocr_par' dir='ltr' id='par_1_2' title="bbox 95 555 1688 816">
     <span class='ocr_line' id='line_1_2' title="bbox 96 555 1688 641; baseline 0.006 -26"><span class='ocrx_word' id='word_1_8' title='bbox 96 557 198 636; x_wconf 76' lang='grc' dir='ltr'>μετέχον</span> <span class='ocrx_word' id='word_1_9' title='bbox 205 562 252 615; x_wconf 74' lang='grc' dir='ltr'>τοῦ</span> <span class='ocrx_word' id='word_1_10' title='bbox 265 555 403 636; x_wconf 78' lang='grc' dir='ltr'>μειρακίω</span> <span class='ocrx_word' id='word_1_11' title='bbox 413 556 485 625; x_wconf 87' lang='grc' dir='ltr'>όντος</span> <span class='ocrx_word' id='word_1_12' title='bbox 494 562 541 617; x_wconf 75' lang='grc' dir='ltr'>τοῦ</span> <span class='ocrx_word' id='word_1_13' title='bbox 550 557 644 641; x_wconf 87' lang='grc' dir='ltr'>φόνου,</span> <span class='ocrx_word' id='word_1_14' title='bbox 657 563 702 620; x_wconf 67' lang='lat' dir='ltr'>uix</span> <span class='ocrx_word' id='word_1_15' title='bbox 714 562 747 621; x_wconf 82' lang='grc' dir='ltr'>θν</span> <span class='ocrx_word' id='word_1_16' title='bbox 758 562 864 630; x_wconf 88' lang='grc' dir='ltr'>δικαίως</span> <span class='ocrx_word' id='word_1_17' title='bbox 908 572 981 622; x_wconf 67' lang='lat' dir='ltr'>undis</span> <span class='ocrx_word' id='word_1_18' title='bbox 989 573 1128 637; x_wconf 73' lang='lat' dir='ltr'>pertidpem</span> <span class='ocrx_word' id='word_1_19' title='bbox 1137 587 1191 623; x_wconf 88' lang='lat' dir='ltr'>esse</span> <span class='ocrx_word' id='word_1_20' title='bbox 1202 593 1208 623; x_wconf 75' lang='grc' dir='ltr'>ι</span> <span class='ocrx_word' id='word_1_21' title='bbox 1219 573 1287 623; x_wconf 87' lang='lat' dir='ltr'>nulio</span> <span class='ocrx_word' id='word_1_22' title='bbox 1295 574 1367 636; x_wconf 78' lang='lat' dir='ltr'>igitur</span> <span class='ocrx_word' id='word_1_23' title='bbox 1380 576 1451 637; x_wconf 87' lang='lat' dir='ltr'>paeto</span> <span class='ocrx_word' id='word_1_24' title='bbox 1460 587 1517 624; x_wconf 87' lang='lat' dir='ltr'>eum</span> <span class='ocrx_word' id='word_1_25' title='bbox 1527 575 1595 625; x_wconf 81' lang='lat' dir='ltr'>salvo</span> <span class='ocrx_word' id='word_1_26' title='bbox 1605 576 1688 625; x_wconf 80' lang='lat' dir='ltr'>‹rivim</span> 
     </span>
     <span class='ocr_line' id='line_1_3' title="bbox 95 643 1685 727; baseline 0.007 -25"><span class='ocrx_word' id='word_1_27' title='bbox 95 643 147 703; x_wconf 74' lang='lat' dir='ltr'>viti</span> <span class='ocrx_word' id='word_1_28' title='bbox 155 644 230 711; x_wconf 84' lang='grc' dir='ltr'>δσίως</span> <span class='ocrx_word' id='word_1_29' title='bbox 238 644 379 703; x_wconf 73' lang='grc' dir='ltr'>έπολόοιτι</span> <span class='ocrx_word' id='word_1_30' title='bbox 390 644 476 704; x_wconf 75' lang='grc' dir='ltr'>αὐτόν.</span> <span class='ocrx_word' id='word_1_31' title='bbox 489 646 560 707; x_wconf 77' lang='grc' dir='ltr'>Οὔτε</span> <span class='ocrx_word' id='word_1_32' title='bbox 568 647 618 727; x_wconf 81' lang='grc' dir='ltr'>γὰρ</span> <span class='ocrx_word' id='word_1_33' title='bbox 625 651 716 725; x_wconf 78' lang='grc' dir='ltr'>ἡμεῖς,</span> <span class='ocrx_word' id='word_1_34' title='bbox 730 652 754 708; x_wconf 82' lang='lat' dir='ltr'>oi</span> <span class='ocrx_word' id='word_1_35' title='bbox 765 651 808 709; x_wconf 83' lang='grc' dir='ltr'>διδ</span> <span class='ocrx_word' id='word_1_36' title='bbox 815 650 863 721; x_wconf 69' lang='grc' dir='ltr'>τὴν</span> <span class='ocrx_word' id='word_1_37' title='bbox 908 660 1063 724; x_wconf 77' lang='lat' dir='ltr'>nummoque</span> <span class='ocrx_word' id='word_1_38' title='bbox 1077 662 1132 723; x_wconf 75' lang='lat' dir='ltr'>iure</span> <span class='ocrx_word' id='word_1_39' title='bbox 1145 661 1282 711; x_wconf 75' lang='lat' dir='ltr'>absolvatis</span> <span class='ocrx_word' id='word_1_40' title='bbox 1298 664 1346 712; x_wconf 81' lang='lat' dir='ltr'>dos</span> <span class='ocrx_word' id='word_1_41' title='bbox 1356 664 1435 723; x_wconf 79' lang='lat' dir='ltr'>uerte,</span> <span class='ocrx_word' id='word_1_42' title='bbox 1450 675 1512 724; x_wconf 89' lang='lat' dir='ltr'>quos</span> <span class='ocrx_word' id='word_1_43' title='bbox 1522 662 1608 712; x_wconf 84' lang='lat' dir='ltr'>horum</span> <span class='ocrx_word' id='word_1_44' title='bbox 1617 677 1685 713; x_wconf 72' lang='lat' dir='ltr'>erun</span> 
     </span>
     <span class='ocr_line' id='line_1_4' title="bbox 95 731 1688 816; baseline 0.008 -28"><span class='ocrx_word' id='word_1_45' title='bbox 95 731 182 791; x_wconf 80' lang='grc' dir='ltr'>τοίτων</span> <span class='ocrx_word' id='word_1_46' title='bbox 194 731 329 811; x_wconf 72' lang='grc' dir='ltr'>ἁμαρτίαν</span> <span class='ocrx_word' id='word_1_47' title='bbox 336 732 531 813; x_wconf 87' lang='grc' dir='ltr'>διαφθαρέντες,</span> <span class='ocrx_word' id='word_1_48' title='bbox 542 734 663 795; x_wconf 79' lang='grc' dir='ltr'>αιἰθένται</span> <span class='ocrx_word' id='word_1_49' title='bbox 672 736 864 816; x_wconf 81' lang='grc' dir='ltr'>καταγνωσθέν-</span> <span class='ocrx_word' id='word_1_50' title='bbox 908 746 1024 811; x_wconf 88' lang='lat' dir='ltr'>perdidit,</span> <span class='ocrx_word' id='word_1_51' title='bbox 1034 762 1082 797; x_wconf 86' lang='lat' dir='ltr'>nou</span> <span class='ocrx_word' id='word_1_52' title='bbox 1094 748 1168 810; x_wconf 83' lang='lat' dir='ltr'>justa,</span> <span class='ocrx_word' id='word_1_53' title='bbox 1177 748 1219 798; x_wconf 87' lang='lat' dir='ltr'>sed</span> <span class='ocrx_word' id='word_1_54' title='bbox 1228 749 1329 799; x_wconf 76' lang='lat' dir='ltr'>nefanda</span> <span class='ocrx_word' id='word_1_55' title='bbox 1337 750 1465 812; x_wconf 76' lang='lat' dir='ltr'>putismur,</span> <span class='ocrx_word' id='word_1_56' title='bbox 1475 750 1494 798; x_wconf 88' lang='lat' dir='ltr'>si</span> <span class='ocrx_word' id='word_1_57' title='bbox 1510 750 1636 800; x_wconf 73' lang='lat' dir='ltr'>homicidis</span> <span class='ocrx_word' id='word_1_58' title='bbox 1645 751 1688 800; x_wconf 92' lang='lat' dir='ltr'>de-</span> 
     </span>
    </p>

    <p class='ocr_par' dir='ltr' id='par_1_3' title="bbox 64 816 1691 1423">
     <span class='ocr_line' id='line_1_5' title="bbox 64 816 1689 902; baseline 0.007 -27"><span class='ocrx_word' id='word_1_59' title='bbox 64 845 86 883; x_wconf 84' lang='lat' dir='ltr'>u</span> <span class='ocrx_word' id='word_1_60' title='bbox 95 841 130 884; x_wconf 84' lang='grc' dir='ltr'>τις</span> <span class='ocrx_word' id='word_1_61' title='bbox 137 817 204 890; x_wconf 71' lang='lat' dir='ltr'>dus«,</span> <span class='ocrx_word' id='word_1_62' title='bbox 213 820 274 877; x_wconf 77' lang='grc' dir='ltr'>ἀλλ’</span> <span class='ocrx_word' id='word_1_63' title='bbox 288 816 370 877; x_wconf 72' lang='grc' dir='ltr'>ἀνόσέ</span> <span class='ocrx_word' id='word_1_64' title='bbox 379 818 412 878; x_wconf 77' lang='grc' dir='ltr'>δν</span> <span class='ocrx_word' id='word_1_65' title='bbox 423 821 551 899; x_wconf 75' lang='grc' dir='ltr'>πάθοιμεν</span> <span class='ocrx_word' id='word_1_66' title='bbox 561 824 604 902; x_wconf 76' lang='grc' dir='ltr'>ὑφ’</span> <span class='ocrx_word' id='word_1_67' title='bbox 618 826 700 900; x_wconf 78' lang='grc' dir='ltr'>ὑμῶν·</span> <span class='ocrx_word' id='word_1_68' title='bbox 714 824 768 883; x_wconf 78' lang='grc' dir='ltr'>οὗθ’</span> <span class='ocrx_word' id='word_1_69' title='bbox 780 825 805 884; x_wconf 91' lang='grc' dir='ltr'>οί</span> <span class='ocrx_word' id='word_1_70' title='bbox 816 829 864 883; x_wconf 88' lang='grc' dir='ltr'>θα·</span> <span class='ocrx_word' id='word_1_71' title='bbox 908 835 1029 885; x_wconf 76' lang='lat' dir='ltr'>dueurur</span> <span class='ocrx_word' id='word_1_72' title='bbox 1039 849 1090 886; x_wconf 85' lang='lat' dir='ltr'>esse</span> <span class='ocrx_word' id='word_1_73' title='bbox 1101 837 1153 886; x_wconf 87' lang='lat' dir='ltr'>:sin</span> <span class='ocrx_word' id='word_1_74' title='bbox 1163 837 1180 885; x_wconf 91' lang='lat' dir='ltr'>ii</span> <span class='ocrx_word' id='word_1_75' title='bbox 1189 836 1232 899; x_wconf 91' lang='lat' dir='ltr'>qui</span> <span class='ocrx_word' id='word_1_76' title='bbox 1240 849 1325 886; x_wconf 85' lang='lat' dir='ltr'>neoem</span> <span class='ocrx_word' id='word_1_77' title='bbox 1335 837 1404 886; x_wconf 66' lang='lat' dir='ltr'>utam</span> <span class='ocrx_word' id='word_1_78' title='bbox 1413 838 1630 900; x_wconf 82' lang='lat' dir='ltr'>uobisattuierunt,</span> <span class='ocrx_word' id='word_1_79' title='bbox 1640 851 1689 887; x_wconf 86' lang='lat' dir='ltr'>nou</span> 
     </span>
     <span class='ocr_line' id='line_1_6' title="bbox 94 905 1689 991; baseline 0.006 -26"><span class='ocrx_word' id='word_1_80' title='bbox 94 905 248 973; x_wconf 72' lang='grc' dir='ltr'>νατοίσαντες</span> <span class='ocrx_word' id='word_1_81' title='bbox 263 910 334 982; x_wconf 74' lang='grc' dir='ltr'>ἡμᾶς</span> <span class='ocrx_word' id='word_1_82' title='bbox 350 905 388 981; x_wconf 78' lang='grc' dir='ltr'>μὴ</span> <span class='ocrx_word' id='word_1_83' title='bbox 400 907 545 986; x_wconf 75' lang='grc' dir='ltr'>εἰργόμενοι</span> <span class='ocrx_word' id='word_1_84' title='bbox 558 914 611 969; x_wconf 80' lang='grc' dir='ltr'>τῶν</span> <span class='ocrx_word' id='word_1_85' title='bbox 621 912 805 991; x_wconf 77' lang='grc' dir='ltr'>προσηκόντων</span> <span class='ocrx_word' id='word_1_86' title='bbox 819 913 864 972; x_wconf 75' lang='grc' dir='ltr'>εὖ·</span> <span class='ocrx_word' id='word_1_87' title='bbox 910 924 1023 972; x_wconf 79' lang='grc' dir='ltr'>εισειιίιιι</span> <span class='ocrx_word' id='word_1_88' title='bbox 1033 935 1049 973; x_wconf 89' lang='grc' dir='ltr'>ε</span> <span class='ocrx_word' id='word_1_89' title='bbox 1061 923 1149 985; x_wconf 77' lang='lat' dir='ltr'><strong>qulbus</strong></span> <span class='ocrx_word' id='word_1_90' title='bbox 1160 922 1325 973; x_wconf 73' lang='lat' dir='ltr'>ioeieereendi</span> <span class='ocrx_word' id='word_1_91' title='bbox 1339 927 1411 986; x_wconf 86' lang='lat' dir='ltr'>sunt,</span> <span class='ocrx_word' id='word_1_92' title='bbox 1429 924 1568 987; x_wconf 71' lang='lat' dir='ltr'>religionem</span> <span class='ocrx_word' id='word_1_93' title='bbox 1580 939 1629 975; x_wconf 91' lang='lat' dir='ltr'>non</span> <span class='ocrx_word' id='word_1_94' title='bbox 1643 925 1689 974; x_wconf 86' lang='lat' dir='ltr'>ob·</span> 
     </span>
     <span class='ocr_line' id='line_1_7' title="bbox 94 992 1689 1075; baseline 0.005 -23"><span class='ocrx_word' id='word_1_95' title='bbox 94 992 192 1052; x_wconf 69' lang='lat' dir='ltr'>usioivr&#39;</span> <span class='ocrx_word' id='word_1_96' title='bbox 202 993 360 1053; x_wconf 74' lang='grc' dir='ltr'>ἃνθτδτῶν</span> <span class='ocrx_word' id='word_1_97' title='bbox 369 994 622 1064; x_wconf 77' lang='grc' dir='ltr'>ἀπολυσόντωντοδς</span> <span class='ocrx_word' id='word_1_98' title='bbox 632 997 759 1065; x_wconf 71' lang='grc' dir='ltr'>ἀνοσίως.</span> <span class='ocrx_word' id='word_1_99' title='bbox 772 997 865 1071; x_wconf 85' lang='grc' dir='ltr'>Πέσης</span> <span class='ocrx_word' id='word_1_100' title='bbox 909 1009 1010 1059; x_wconf 86' lang='lat' dir='ltr'>servetis</span> <span class='ocrx_word' id='word_1_101' title='bbox 1018 1010 1169 1060; x_wconf 65' lang='lat' dir='ltr'>absolventes</span> <span class='ocrx_word' id='word_1_102' title='bbox 1181 1011 1276 1073; x_wconf 82' lang='lat' dir='ltr'>impios.</span> <span class='ocrx_word' id='word_1_103' title='bbox 1319 1013 1491 1074; x_wconf 84' lang='lat' dir='ltr'>ltaqnequnm</span> <span class='ocrx_word' id='word_1_104' title='bbox 1499 1012 1689 1075; x_wconf 81' lang='lat' dir='ltr'>mandapieeuii</span> 
     </span>
     <span class='ocr_line' id='line_1_8' title="bbox 95 1078 1691 1166; baseline 0.008 -29"><span class='ocrx_word' id='word_1_105' title='bbox 95 1082 115 1137; x_wconf 81' lang='grc' dir='ltr'>δ’</span> <span class='ocrx_word' id='word_1_106' title='bbox 129 1078 190 1161; x_wconf 71' lang='lat' dir='ltr'>iniq</span> <span class='ocrx_word' id='word_1_107' title='bbox 208 1081 320 1139; x_wconf 79' lang='grc' dir='ltr'>πάντων</span> <span class='ocrx_word' id='word_1_108' title='bbox 332 1085 380 1153; x_wconf 71' lang='grc' dir='ltr'>τῆς</span> <span class='ocrx_word' id='word_1_109' title='bbox 397 1084 503 1155; x_wconf 83' lang='grc' dir='ltr'>κηλῖδος</span> <span class='ocrx_word' id='word_1_110' title='bbox 515 1086 551 1152; x_wconf 83' lang='grc' dir='ltr'>εἰς</span> <span class='ocrx_word' id='word_1_111' title='bbox 570 1088 639 1161; x_wconf 79' lang='grc' dir='ltr'>θμθς</span> <span class='ocrx_word' id='word_1_112' title='bbox 659 1085 865 1166; x_wconf 75' lang='grc' dir='ltr'>ἀναφερομένης,</span> <span class='ocrx_word' id='word_1_113' title='bbox 909 1095 980 1145; x_wconf 83' lang='lat' dir='ltr'>vobis</span> <span class='ocrx_word' id='word_1_114' title='bbox 991 1097 1049 1145; x_wconf 85' lang='lat' dir='ltr'>sotis</span> <span class='ocrx_word' id='word_1_115' title='bbox 1059 1097 1121 1146; x_wconf 86' lang='lat' dir='ltr'>iuret</span> <span class='ocrx_word' id='word_1_116' title='bbox 1138 1097 1269 1158; x_wconf 74' lang='lat' dir='ltr'>iusmsurs,</span> <span class='ocrx_word' id='word_1_117' title='bbox 1286 1111 1382 1147; x_wconf 82' lang='lat' dir='ltr'>summa</span> <span class='ocrx_word' id='word_1_118' title='bbox 1403 1099 1515 1149; x_wconf 80' lang='lat' dir='ltr'>esuuone</span> <span class='ocrx_word' id='word_1_119' title='bbox 1527 1099 1605 1148; x_wconf 83' lang='lat' dir='ltr'>haoin</span> <span class='ocrx_word' id='word_1_120' title='bbox 1619 1112 1691 1148; x_wconf 82' lang='lat' dir='ltr'>eausa</span> 
     </span>
     <span class='ocr_line' id='line_1_9' title="bbox 94 1166 1690 1246; baseline 0.007 -21"><span class='ocrx_word' id='word_1_121' title='bbox 94 1166 167 1239; x_wconf 69' lang='grc' dir='ltr'>πολλὴ</span> <span class='ocrx_word' id='word_1_122' title='bbox 178 1167 308 1227; x_wconf 78' lang='grc' dir='ltr'>ιῦλιίθεια</span> <span class='ocrx_word' id='word_1_123' title='bbox 322 1171 383 1246; x_wconf 75' lang='grc' dir='ltr'>ὑμῖν</span> <span class='ocrx_word' id='word_1_124' title='bbox 393 1170 491 1228; x_wconf 80' lang='grc' dir='ltr'>τούτων</span> <span class='ocrx_word' id='word_1_125' title='bbox 500 1173 608 1244; x_wconf 88' lang='grc' dir='ltr'>ποιητέα</span> <span class='ocrx_word' id='word_1_126' title='bbox 620 1173 689 1232; x_wconf 76' lang='grc' dir='ltr'>ἐστί·</span> <span class='ocrx_word' id='word_1_127' title='bbox 700 1173 865 1232; x_wconf 79' lang='grc' dir='ltr'>καταλαόόν-</span> <span class='ocrx_word' id='word_1_128' title='bbox 909 1182 979 1232; x_wconf 78' lang='lat' dir='ltr'>vonis</span> <span class='ocrx_word' id='word_1_129' title='bbox 989 1183 1107 1233; x_wconf 85' lang='lat' dir='ltr'>utendum</span> <span class='ocrx_word' id='word_1_130' title='bbox 1115 1185 1171 1234; x_wconf 88' lang='lat' dir='ltr'>erit.</span> <span class='ocrx_word' id='word_1_131' title='bbox 1211 1188 1272 1235; x_wconf 79' lang='lat' dir='ltr'>Nam</span> <span class='ocrx_word' id='word_1_132' title='bbox 1281 1184 1303 1235; x_wconf 91' lang='lat' dir='ltr'>si</span> <span class='ocrx_word' id='word_1_133' title='bbox 1312 1185 1433 1234; x_wconf 78' lang='lat' dir='ltr'>homicidii</span> <span class='ocrx_word' id='word_1_134' title='bbox 1444 1199 1513 1235; x_wconf 88' lang='lat' dir='ltr'>reum</span> <span class='ocrx_word' id='word_1_135' title='bbox 1529 1186 1595 1235; x_wconf 84' lang='lat' dir='ltr'>hune</span> <span class='ocrx_word' id='word_1_136' title='bbox 1607 1185 1690 1236; x_wconf 87' lang='lat' dir='ltr'>sdoie·</span> 
     </span>
     <span class='ocr_line' id='line_1_10' title="bbox 95 1251 1689 1341; baseline 0.006 -28"><span class='ocrx_word' id='word_1_137' title='bbox 95 1278 129 1320; x_wconf 86' lang='grc' dir='ltr'>τις</span> <span class='ocrx_word' id='word_1_138' title='bbox 139 1254 183 1332; x_wconf 77' lang='grc' dir='ltr'>μέν</span> <span class='ocrx_word' id='word_1_139' title='bbox 194 1253 251 1336; x_wconf 81' lang='grc' dir='ltr'>γδιρ</span> <span class='ocrx_word' id='word_1_140' title='bbox 264 1254 343 1314; x_wconf 78' lang='grc' dir='ltr'>αὐτὸν</span> <span class='ocrx_word' id='word_1_141' title='bbox 354 1256 400 1315; x_wconf 83' lang='grc' dir='ltr'>καί</span> <span class='ocrx_word' id='word_1_142' title='bbox 413 1254 541 1337; x_wconf 77' lang='grc' dir='ltr'>είρξαντες</span> <span class='ocrx_word' id='word_1_143' title='bbox 552 1251 589 1318; x_wconf 67' lang='grc' dir='ltr'>ὧν</span> <span class='ocrx_word' id='word_1_144' title='bbox 600 1264 615 1319; x_wconf 85' lang='grc' dir='ltr'>δ</span> <span class='ocrx_word' id='word_1_145' title='bbox 628 1260 706 1338; x_wconf 85' lang='grc' dir='ltr'>νόμος</span> <span class='ocrx_word' id='word_1_146' title='bbox 722 1258 802 1341; x_wconf 87' lang='grc' dir='ltr'>είργει</span> <span class='ocrx_word' id='word_1_147' title='bbox 812 1284 865 1320; x_wconf 89' lang='grc' dir='ltr'>κα-</span> <span class='ocrx_word' id='word_1_148' title='bbox 911 1273 1018 1320; x_wconf 76' lang='lat' dir='ltr'>srmtem</span> <span class='ocrx_word' id='word_1_149' title='bbox 1026 1272 1242 1333; x_wconf 68' lang='lat' dir='ltr'>pronuntiaveritis</span> <span class='ocrx_word' id='word_1_150' title='bbox 1257 1272 1328 1335; x_wconf 90' lang='lat' dir='ltr'>eique</span> <span class='ocrx_word' id='word_1_151' title='bbox 1337 1272 1397 1322; x_wconf 82' lang='lat' dir='ltr'>iocis</span> <span class='ocrx_word' id='word_1_152' title='bbox 1406 1273 1495 1326; x_wconf 76' lang='lat' dir='ltr'>mustis</span> <span class='ocrx_word' id='word_1_153' title='bbox 1507 1272 1689 1333; x_wconf 77' lang='lat' dir='ltr'>interdixeritis,</span> 
     </span>
     <span class='ocr_line' id='line_1_11' title="bbox 95 1342 1691 1423; baseline 0.006 -24"><span class='ocrx_word' id='word_1_154' title='bbox 95 1342 158 1422; x_wconf 81' lang='grc' dir='ltr'>θιροί</span> <span class='ocrx_word' id='word_1_155' title='bbox 170 1345 222 1400; x_wconf 75' lang='grc' dir='ltr'>τῶν</span> <span class='ocrx_word' id='word_1_156' title='bbox 236 1343 413 1421; x_wconf 71' lang='grc' dir='ltr'>ἐγκλημάτων</span> <span class='ocrx_word' id='word_1_157' title='bbox 426 1344 531 1423; x_wconf 81' lang='grc' dir='ltr'>ίσεσθε,</span> <span class='ocrx_word' id='word_1_158' title='bbox 547 1346 725 1415; x_wconf 71' lang='grc' dir='ltr'>ἀπολέσαντες</span> <span class='ocrx_word' id='word_1_159' title='bbox 738 1348 766 1406; x_wconf 77' lang='lat' dir='ltr'>ti</span> <span class='ocrx_word' id='word_1_160' title='bbox 780 1347 865 1407; x_wconf 74' lang='grc' dir='ltr'>ὑπαί-</span> <span class='ocrx_word' id='word_1_161' title='bbox 910 1358 1026 1408; x_wconf 78' lang='lat' dir='ltr'>remittis</span> <span class='ocrx_word' id='word_1_162' title='bbox 1040 1358 1141 1408; x_wconf 85' lang='lat' dir='ltr'>erimine</span> <span class='ocrx_word' id='word_1_163' title='bbox 1158 1359 1213 1409; x_wconf 63' lang='lat' dir='ltr'>vein</span> <span class='ocrx_word' id='word_1_164' title='bbox 1224 1362 1307 1410; x_wconf 86' lang='lat' dir='ltr'>autern</span> <span class='ocrx_word' id='word_1_165' title='bbox 1319 1373 1376 1410; x_wconf 88' lang='lat' dir='ltr'>eum</span> <span class='ocrx_word' id='word_1_166' title='bbox 1388 1361 1553 1422; x_wconf 82' lang='lat' dir='ltr'>absolveritis,</span> <span class='ocrx_word' id='word_1_167' title='bbox 1568 1361 1611 1423; x_wconf 87' lang='lat' dir='ltr'>ipsi</span> <span class='ocrx_word' id='word_1_168' title='bbox 1626 1360 1691 1409; x_wconf 83' lang='lat' dir='ltr'>eritis</span> 
     </span>
    </p>

    <p class='ocr_par' dir='ltr' id='par_1_4' title="bbox 58 1426 1692 1861">
     <span class='ocr_line' id='line_1_12' title="bbox 58 1426 1691 1513; baseline 0.006 -26"><span class='ocrx_word' id='word_1_169' title='bbox 58 1446 138 1495; x_wconf 67' lang='lat' dir='ltr'>turios</span> <span class='ocrx_word' id='word_1_170' title='bbox 144 1429 313 1489; x_wconf 86' lang='grc' dir='ltr'>καθίστασθε.</span> <span class='ocrx_word' id='word_1_171' title='bbox 344 1430 388 1509; x_wconf 78' lang='grc' dir='ltr'>(ιε)</span> <span class='ocrx_word' id='word_1_172' title='bbox 398 1434 454 1503; x_wconf 85' lang='grc' dir='ltr'>Τῆς</span> <span class='ocrx_word' id='word_1_173' title='bbox 465 1426 508 1491; x_wconf 80' lang='grc' dir='ltr'>σόν</span> <span class='ocrx_word' id='word_1_174' title='bbox 516 1434 640 1513; x_wconf 73' lang='grc' dir='ltr'>ὑμετέρας</span> <span class='ocrx_word' id='word_1_175' title='bbox 648 1433 780 1501; x_wconf 77' lang='grc' dir='ltr'>εθσεόείας</span> <span class='ocrx_word' id='word_1_176' title='bbox 789 1434 863 1494; x_wconf 88' lang='grc' dir='ltr'>ίνεκα</span> <span class='ocrx_word' id='word_1_177' title='bbox 911 1445 990 1509; x_wconf 81' lang='lat' dir='ltr'>euipae</span> <span class='ocrx_word' id='word_1_178' title='bbox 1003 1446 1110 1496; x_wconf 80' lang='lat' dir='ltr'>obnoxii.</span> <span class='ocrx_word' id='word_1_179' title='bbox 1132 1446 1182 1509; x_wconf 80' lang='lat' dir='ltr'>(tt)</span> <span class='ocrx_word' id='word_1_180' title='bbox 1193 1449 1287 1497; x_wconf 82' lang='lat' dir='ltr'>vestrm</span> <span class='ocrx_word' id='word_1_181' title='bbox 1295 1447 1377 1510; x_wconf 85' lang='lat' dir='ltr'>itaque</span> <span class='ocrx_word' id='word_1_182' title='bbox 1388 1448 1483 1511; x_wconf 89' lang='lat' dir='ltr'>pietatis</span> <span class='ocrx_word' id='word_1_183' title='bbox 1497 1460 1553 1510; x_wconf 81' lang='lat' dir='ltr'>ergo</span> <span class='ocrx_word' id='word_1_184' title='bbox 1565 1448 1691 1508; x_wconf 71' lang='lat' dir='ltr'>legumque</span> 
     </span>
     <span class='ocr_line' id='line_1_13' title="bbox 95 1515 1692 1599; baseline 0.006 -26"><span class='ocrx_word' id='word_1_185' title='bbox 95 1515 133 1574; x_wconf 85' lang='grc' dir='ltr'>καί</span> <span class='ocrx_word' id='word_1_186' title='bbox 143 1518 192 1575; x_wconf 73' lang='grc' dir='ltr'>τῶν</span> <span class='ocrx_word' id='word_1_187' title='bbox 203 1516 298 1594; x_wconf 84' lang='grc' dir='ltr'>νόμων</span> <span class='ocrx_word' id='word_1_188' title='bbox 312 1518 455 1597; x_wconf 72' lang='grc' dir='ltr'>ἀπάγοντες</span> <span class='ocrx_word' id='word_1_189' title='bbox 469 1525 623 1599; x_wconf 85' lang='grc' dir='ltr'>τιμωρεῖσθε</span> <span class='ocrx_word' id='word_1_190' title='bbox 639 1520 727 1594; x_wconf 72' lang='grc' dir='ltr'>αὐτόν,</span> <span class='ocrx_word' id='word_1_191' title='bbox 741 1522 816 1580; x_wconf 81' lang='grc' dir='ltr'>οὗτοί</span> <span class='ocrx_word' id='word_1_192' title='bbox 837 1546 865 1581; x_wconf 88' lang='grc' dir='ltr'>τε</span> <span class='ocrx_word' id='word_1_193' title='bbox 909 1533 1400 1599; x_wconf 82' lang='lat' dir='ltr'>tuendarum,abduueuteshunepunite;</span> <span class='ocrx_word' id='word_1_194' title='bbox 1409 1534 1653 1594; x_wconf 82' lang='lat' dir='ltr'>sieeuimeavebitis,</span> <span class='ocrx_word' id='word_1_195' title='bbox 1663 1538 1692 1583; x_wconf 94' lang='lat' dir='ltr'>ut</span> 
     </span>
     <span class='ocr_line' id='line_1_14' title="bbox 97 1601 1691 1687; baseline 0.004 -26"><span class='ocrx_word' id='word_1_196' title='bbox 97 1601 128 1680; x_wconf 71' lang='grc' dir='ltr'>μὴ</span> <span class='ocrx_word' id='word_1_197' title='bbox 139 1603 308 1681; x_wconf 78' lang='grc' dir='ltr'>ρεταλσίθητε</span> <span class='ocrx_word' id='word_1_198' title='bbox 317 1609 365 1677; x_wconf 76' lang='grc' dir='ltr'>τῆς</span> <span class='ocrx_word' id='word_1_199' title='bbox 374 1604 465 1677; x_wconf 74' lang='grc' dir='ltr'>τούτου</span> <span class='ocrx_word' id='word_1_200' title='bbox 472 1607 594 1687; x_wconf 78' lang='grc' dir='ltr'>μιαρίας,</span> <span class='ocrx_word' id='word_1_201' title='bbox 602 1611 667 1684; x_wconf 76' lang='grc' dir='ltr'>ἡμῖν</span> <span class='ocrx_word' id='word_1_202' title='bbox 674 1631 704 1667; x_wconf 87' lang='grc' dir='ltr'>τε</span> <span class='ocrx_word' id='word_1_203' title='bbox 712 1616 765 1675; x_wconf 83' lang='grc' dir='ltr'>τοῖς</span> <span class='ocrx_word' id='word_1_204' title='bbox 776 1613 865 1686; x_wconf 79' lang='grc' dir='ltr'>γονεῦ-</span> <span class='ocrx_word' id='word_1_205' title='bbox 910 1620 1049 1683; x_wconf 83' lang='lat' dir='ltr'>spurcitiem</span> <span class='ocrx_word' id='word_1_206' title='bbox 1062 1620 1115 1681; x_wconf 81' lang='lat' dir='ltr'>ejus</span> <span class='ocrx_word' id='word_1_207' title='bbox 1129 1633 1161 1669; x_wconf 89' lang='lat' dir='ltr'>ne</span> <span class='ocrx_word' id='word_1_208' title='bbox 1172 1620 1332 1684; x_wconf 77' lang='lat' dir='ltr'>partidpetis‚</span> <span class='ocrx_word' id='word_1_209' title='bbox 1350 1622 1467 1684; x_wconf 77' lang='lat' dir='ltr'>nobisque</span> <span class='ocrx_word' id='word_1_210' title='bbox 1481 1621 1632 1683; x_wconf 70' lang='lat' dir='ltr'>parentinus,</span> <span class='ocrx_word' id='word_1_211' title='bbox 1649 1623 1691 1682; x_wconf 89' lang='lat' dir='ltr'>qui</span> 
     </span>
     <span class='ocr_line' id='line_1_15' title="bbox 96 1689 1692 1775; baseline 0.004 -28"><span class='ocrx_word' id='word_1_212' title='bbox 96 1712 137 1764; x_wconf 86' lang='lat' dir='ltr'>ru,</span> <span class='ocrx_word' id='word_1_213' title='bbox 154 1689 289 1760; x_wconf 76' lang='grc' dir='ltr'>οίζῶντες</span> <span class='ocrx_word' id='word_1_214' title='bbox 306 1692 525 1773; x_wconf 82' lang='grc' dir='ltr'>κατορωρόγμεθα</span> <span class='ocrx_word' id='word_1_215' title='bbox 545 1694 589 1752; x_wconf 76' lang='grc' dir='ltr'>ὑπ’</span> <span class='ocrx_word' id='word_1_216' title='bbox 602 1697 698 1774; x_wconf 79' lang='grc' dir='ltr'>αὐτοῦ,</span> <span class='ocrx_word' id='word_1_217' title='bbox 721 1694 783 1775; x_wconf 76' lang='grc' dir='ltr'>δόξῃ</span> <span class='ocrx_word' id='word_1_218' title='bbox 804 1700 865 1773; x_wconf 75' lang='grc' dir='ltr'>γοῦν</span> <span class='ocrx_word' id='word_1_219' title='bbox 910 1706 942 1756; x_wconf 82' lang='lat' dir='ltr'>sb</span> <span class='ocrx_word' id='word_1_220' title='bbox 959 1707 1006 1756; x_wconf 89' lang='lat' dir='ltr'>isto</span> <span class='ocrx_word' id='word_1_221' title='bbox 1026 1706 1074 1757; x_wconf 77' lang='lat' dir='ltr'>rivi</span> <span class='ocrx_word' id='word_1_222' title='bbox 1092 1706 1172 1756; x_wconf 75' lang='lat' dir='ltr'>adirem</span> <span class='ocrx_word' id='word_1_223' title='bbox 1188 1707 1274 1756; x_wconf 74' lang='grc' dir='ltr'>θοθοεεί</span> <span class='ocrx_word' id='word_1_224' title='bbox 1292 1720 1392 1768; x_wconf 86' lang='lat' dir='ltr'>sumus,</span> <span class='ocrx_word' id='word_1_225' title='bbox 1408 1705 1568 1756; x_wconf 77' lang='lat' dir='ltr'>caimaitatem</span> <span class='ocrx_word' id='word_1_226' title='bbox 1588 1704 1692 1755; x_wconf 86' lang='lat' dir='ltr'>reddetis</span> 
     </span>
     <span class='ocr_line' id='line_1_16' title="bbox 96 1777 1312 1861; baseline 0.007 -26"><span class='ocrx_word' id='word_1_227' title='bbox 96 1777 317 1860; x_wconf 71' lang='grc' dir='ltr'>έλαφροτέραντήν</span> <span class='ocrx_word' id='word_1_228' title='bbox 329 1780 464 1861; x_wconf 66' lang='grc' dir='ltr'>συμφορὰν</span> <span class='ocrx_word' id='word_1_229' title='bbox 474 1780 667 1853; x_wconf 80' lang='grc' dir='ltr'>κατεστήσατε.</span> <span class='ocrx_word' id='word_1_230' title='bbox 910 1793 1022 1857; x_wconf 73' lang='lat' dir='ltr'>opidium</span> <span class='ocrx_word' id='word_1_231' title='bbox 1030 1794 1110 1845; x_wconf 81' lang='lat' dir='ltr'>unitim</span> <span class='ocrx_word' id='word_1_232' title='bbox 1119 1794 1312 1845; x_wconf 81' lang='lat' dir='ltr'>tolerabiliorem.</span> 
     </span>
    </p>
   </div>
   <div class='ocr_carea' id='block_1_3' title="bbox 387 1969 1393 2006">
    <p class='ocr_par' dir='ltr' id='par_1_5' title="bbox 387 1969 1393 2006">
     <span class='ocr_line' id='line_1_17' title="bbox 387 1969 1393 2006; baseline 0.008 -12"><span class='ocrx_word' id='word_1_233' title='bbox 387 1969 570 1998; x_wconf 51' lang='grc' dir='ltr'>ψ-</span> <span class='ocrx_word' id='word_1_234' title='bbox 1210 1979 1393 2006; x_wconf 50' lang='grc' dir='ltr'>-ΟΟΟΟΦ-</span> 
     </span>
    </p>
   </div>
   <div class='ocr_carea' id='block_1_4' title="bbox 73 2096 1616 2313">
    <p class='ocr_par' dir='ltr' id='par_1_6' title="bbox 73 2096 1616 2313">
     <span class='ocr_line' id='line_1_18' title="bbox 463 2096 1316 2166; baseline 0.015 -13"><span class='ocrx_word' id='word_1_235' title='bbox 463 2096 489 2157; x_wconf 80' lang='grc' dir='ltr'>δ,</span> <span class='ocrx_word' id='word_1_236' title='bbox 1288 2119 1316 2166; x_wconf 77' lang='lat' dir='ltr'>t.</span> 
     </span>
     <span class='ocr_line' id='line_1_19' title="bbox 73 2244 1616 2313; baseline 0.008 -17"><span class='ocrx_word' id='word_1_237' title='bbox 73 2244 83 2281; x_wconf 65' lang='grc' dir='ltr'>ί</span> <span class='ocrx_word' id='word_1_238' title='bbox 253 2248 300 2299; x_wconf 78' lang='grc' dir='ltr'>ΕΞ</span> <span class='ocrx_word' id='word_1_239' title='bbox 316 2250 494 2300; x_wconf 80' lang='grc' dir='ltr'>ΑΠΟΛΟΓίΑΣ</span> <span class='ocrx_word' id='word_1_240' title='bbox 510 2253 532 2299; x_wconf 91' lang='lat'>0</span> <span class='ocrx_word' id='word_1_241' title='bbox 548 2252 696 2302; x_wconf 69' lang='lat' dir='ltr'>isteron.</span> <span class='ocrx_word' id='word_1_242' title='bbox 982 2262 1137 2313; x_wconf 76' lang='lat' dir='ltr'>DEFENSIO</span> <span class='ocrx_word' id='word_1_243' title='bbox 1153 2262 1329 2312; x_wconf 75' lang='lat' dir='ltr'>POSTERIOR</span> <span class='ocrx_word' id='word_1_244' title='bbox 1347 2261 1490 2312; x_wconf 80' lang='lat' dir='ltr'>siusuust</span> <span class='ocrx_word' id='word_1_245' title='bbox 1506 2260 1616 2310; x_wconf 76' lang='lat' dir='ltr'><strong>CAEDIS.</strong></span> 
     </span>
    </p>
   </div>
   <div class='ocr_carea' id='block_1_5' title="bbox 57 2395 1694 5331">
    <p class='ocr_par' dir='ltr' id='par_1_7' title="bbox 57 2395 1694 5331">
     <span class='ocr_line' id='line_1_20' title="bbox 126 2395 1691 2482; baseline 0.001 -26"><span class='ocrx_word' id='word_1_246' title='bbox 126 2398 220 2456; x_wconf 76' lang='grc' dir='ltr'>Τῶτον</span> <span class='ocrx_word' id='word_1_247' title='bbox 234 2397 287 2474; x_wconf 73' lang='grc' dir='ltr'>μὲν</span> <span class='ocrx_word' id='word_1_248' title='bbox 300 2395 367 2464; x_wconf 82' lang='grc' dir='ltr'>τίκδς</span> <span class='ocrx_word' id='word_1_249' title='bbox 376 2398 441 2477; x_wconf 88' lang='grc' dir='ltr'>πρδς</span> <span class='ocrx_word' id='word_1_250' title='bbox 448 2398 497 2469; x_wconf 73' lang='grc' dir='ltr'>τὴν</span> <span class='ocrx_word' id='word_1_251' title='bbox 507 2400 599 2458; x_wconf 71' lang='grc' dir='ltr'>ἑαυτοῦ</span> <span class='ocrx_word' id='word_1_252' title='bbox 611 2401 770 2481; x_wconf 78' lang='grc' dir='ltr'>κατηγορίαν</span> <span class='ocrx_word' id='word_1_253' title='bbox 781 2425 866 2482; x_wconf 87' lang='grc' dir='ltr'>προσ-</span> <span class='ocrx_word' id='word_1_254' title='bbox 943 2414 1138 2461; x_wconf 83' lang='lat' dir='ltr'>consentaneum</span> <span class='ocrx_word' id='word_1_255' title='bbox 1151 2424 1239 2474; x_wconf 87' lang='lat' dir='ltr'>nempe</span> <span class='ocrx_word' id='word_1_256' title='bbox 1247 2412 1298 2460; x_wconf 90' lang='lat' dir='ltr'>erat</span> <span class='ocrx_word' id='word_1_257' title='bbox 1307 2410 1387 2471; x_wconf 83' lang='lat' dir='ltr'>huno,</span> <span class='ocrx_word' id='word_1_258' title='bbox 1397 2409 1542 2459; x_wconf 75' lang='lat' dir='ltr'>amumtioui</span> <span class='ocrx_word' id='word_1_259' title='bbox 1552 2423 1602 2459; x_wconf 73' lang='lat' dir='ltr'>suto</span> <span class='ocrx_word' id='word_1_260' title='bbox 1613 2409 1691 2458; x_wconf 85' lang='lat' dir='ltr'>inteu-</span> 
     </span>
     <span class='ocr_line' id='line_1_21' title="bbox 96 2481 1692 2567; baseline 0.003 -25"><span class='ocrx_word' id='word_1_261' title='bbox 96 2481 178 2562; x_wconf 76' lang='grc' dir='ltr'>έχοντα</span> <span class='ocrx_word' id='word_1_262' title='bbox 190 2484 239 2543; x_wconf 79' lang='grc' dir='ltr'>τὸν</span> <span class='ocrx_word' id='word_1_263' title='bbox 258 2491 320 2543; x_wconf 79' lang='grc' dir='ltr'>νοῦν</span> <span class='ocrx_word' id='word_1_264' title='bbox 337 2484 374 2561; x_wconf 75' lang='grc' dir='ltr'>μὴ</span> <span class='ocrx_word' id='word_1_265' title='bbox 397 2490 488 2562; x_wconf 86' lang='grc' dir='ltr'>μαθεῖν</span> <span class='ocrx_word' id='word_1_266' title='bbox 502 2486 550 2557; x_wconf 69' lang='grc' dir='ltr'>τὴν</span> <span class='ocrx_word' id='word_1_267' title='bbox 565 2487 707 2567; x_wconf 76' lang='grc' dir='ltr'>ἀπολογίαν</span> <span class='ocrx_word' id='word_1_268' title='bbox 719 2512 782 2564; x_wconf 88' lang='grc' dir='ltr'>μου,</span> <span class='ocrx_word' id='word_1_269' title='bbox 799 2494 867 2567; x_wconf 71' lang='grc' dir='ltr'>ὑμᾶς</span> <span class='ocrx_word' id='word_1_270' title='bbox 912 2501 965 2547; x_wconf 87' lang='lat' dir='ltr'>turn</span> <span class='ocrx_word' id='word_1_271' title='bbox 973 2500 997 2548; x_wconf 92' lang='lat' dir='ltr'>in</span> <span class='ocrx_word' id='word_1_272' title='bbox 1006 2512 1081 2560; x_wconf 89' lang='lat' dir='ltr'>eaque</span> <span class='ocrx_word' id='word_1_273' title='bbox 1090 2499 1213 2559; x_wconf 77' lang='lat' dir='ltr'>defixum,</span> <span class='ocrx_word' id='word_1_274' title='bbox 1223 2498 1384 2549; x_wconf 75' lang='lat' dir='ltr'>defensionem</span> <span class='ocrx_word' id='word_1_275' title='bbox 1396 2511 1476 2547; x_wconf 89' lang='lat' dir='ltr'>meam</span> <span class='ocrx_word' id='word_1_276' title='bbox 1485 2496 1549 2546; x_wconf 87' lang='lat' dir='ltr'>haud</span> <span class='ocrx_word' id='word_1_277' title='bbox 1559 2498 1692 2559; x_wconf 70' lang='grc' dir='ltr'>μεταίρειν,</span> 
     </span>
     <span class='ocr_line' id='line_1_22' title="bbox 96 2570 1692 2650; baseline 0.003 -23"><span class='ocrx_word' id='word_1_278' title='bbox 96 2571 118 2628; x_wconf 78' lang='lat' dir='ltr'>ii</span> <span class='ocrx_word' id='word_1_279' title='bbox 132 2571 181 2650; x_wconf 70' lang='grc' dir='ltr'>χρὴ</span> <span class='ocrx_word' id='word_1_280' title='bbox 198 2571 342 2650; x_wconf 81' lang='grc' dir='ltr'>γινώσκειν</span> <span class='ocrx_word' id='word_1_281' title='bbox 355 2570 395 2631; x_wconf 82' lang='grc' dir='ltr'>ότι</span> <span class='ocrx_word' id='word_1_282' title='bbox 408 2575 484 2649; x_wconf 78' lang='grc' dir='ltr'>ἡμεῖς</span> <span class='ocrx_word' id='word_1_283' title='bbox 498 2572 546 2649; x_wconf 78' lang='grc' dir='ltr'>μέν</span> <span class='ocrx_word' id='word_1_284' title='bbox 561 2576 584 2632; x_wconf 82' lang='lat' dir='ltr'>oi</span> <span class='ocrx_word' id='word_1_285' title='bbox 602 2573 727 2633; x_wconf 77' lang='grc' dir='ltr'>ἀντίδικοι</span> <span class='ocrx_word' id='word_1_286' title='bbox 746 2575 805 2634; x_wconf 69' lang='grc' dir='ltr'>κατ’</span> <span class='ocrx_word' id='word_1_287' title='bbox 822 2576 867 2634; x_wconf 84' lang='grc' dir='ltr'>εὔ·</span> <span class='ocrx_word' id='word_1_288' title='bbox 911 2598 956 2636; x_wconf 87' lang='lat' dir='ltr'>vos</span> <span class='ocrx_word' id='word_1_289' title='bbox 976 2588 1059 2636; x_wconf 87' lang='lat' dir='ltr'>autem</span> <span class='ocrx_word' id='word_1_290' title='bbox 1071 2600 1113 2650; x_wconf 90' lang='lat' dir='ltr'>par</span> <span class='ocrx_word' id='word_1_291' title='bbox 1125 2589 1162 2636; x_wconf 81' lang='lat' dir='ltr'>est</span> <span class='ocrx_word' id='word_1_292' title='bbox 1171 2589 1266 2647; x_wconf 82' lang='lat' dir='ltr'>tenere,</span> <span class='ocrx_word' id='word_1_293' title='bbox 1278 2599 1322 2634; x_wconf 88' lang='lat' dir='ltr'>uos</span> <span class='ocrx_word' id='word_1_294' title='bbox 1333 2585 1430 2647; x_wconf 89' lang='lat' dir='ltr'>quidem</span> <span class='ocrx_word' id='word_1_295' title='bbox 1440 2584 1587 2633; x_wconf 78' lang='lat' dir='ltr'>adversarios</span> <span class='ocrx_word' id='word_1_296' title='bbox 1596 2596 1692 2632; x_wconf 83' lang='lat' dir='ltr'>eausam</span> 
     </span>
     <span class='ocr_line' id='line_1_23' title="bbox 95 2658 1694 2741; baseline 0.003 -25"><span class='ocrx_word' id='word_1_297' title='bbox 95 2679 155 2716; x_wconf 89' lang='grc' dir='ltr'>νοιαν</span> <span class='ocrx_word' id='word_1_298' title='bbox 165 2658 297 2737; x_wconf 82' lang='grc' dir='ltr'>κρίνοντες</span> <span class='ocrx_word' id='word_1_299' title='bbox 307 2658 337 2717; x_wconf 86' lang='grc' dir='ltr'>τδ</span> <span class='ocrx_word' id='word_1_300' title='bbox 347 2668 459 2740; x_wconf 74' lang='grc' dir='ltr'>πρᾶγμα</span> <span class='ocrx_word' id='word_1_301' title='bbox 473 2658 577 2727; x_wconf 75' lang='grc' dir='ltr'>εἰκότως</span> <span class='ocrx_word' id='word_1_302' title='bbox 586 2660 674 2719; x_wconf 88' lang='grc' dir='ltr'>δίκαια</span> <span class='ocrx_word' id='word_1_303' title='bbox 687 2662 805 2741; x_wconf 80' lang='grc' dir='ltr'>ίκέτεροι</span> <span class='ocrx_word' id='word_1_304' title='bbox 819 2668 866 2722; x_wconf 79' lang='grc' dir='ltr'>αὖ·</span> <span class='ocrx_word' id='word_1_305' title='bbox 912 2687 1034 2736; x_wconf 83' lang='lat' dir='ltr'>quemque</span> <span class='ocrx_word' id='word_1_306' title='bbox 1054 2687 1123 2723; x_wconf 89' lang='lat' dir='ltr'>suam</span> <span class='ocrx_word' id='word_1_307' title='bbox 1139 2674 1310 2735; x_wconf 86' lang='lat' dir='ltr'>ampiectentes</span> <span class='ocrx_word' id='word_1_308' title='bbox 1325 2672 1391 2734; x_wconf 82' lang='lat' dir='ltr'>juste</span> <span class='ocrx_word' id='word_1_309' title='bbox 1406 2674 1432 2721; x_wconf 92' lang='lat' dir='ltr'>et</span> <span class='ocrx_word' id='word_1_310' title='bbox 1444 2684 1513 2733; x_wconf 76' lang='lat' dir='ltr'>nque</span> <span class='ocrx_word' id='word_1_311' title='bbox 1527 2669 1607 2720; x_wconf 80' lang='lat' dir='ltr'>dicere</span> <span class='ocrx_word' id='word_1_312' title='bbox 1624 2671 1694 2720; x_wconf 86' lang='lat' dir='ltr'>nobis</span> 
     </span>
     <span class='ocr_line' id='line_1_24' title="bbox 67 2743 1692 2829; baseline 0.002 -24"><span class='ocrx_word' id='word_1_313' title='bbox 67 2762 85 2798; x_wconf 79' lang='lat' dir='ltr'>tt</span> <span class='ocrx_word' id='word_1_314' title='bbox 95 2743 144 2811; x_wconf 63' lang='grc' dir='ltr'>νόος</span> <span class='ocrx_word' id='word_1_315' title='bbox 154 2747 266 2823; x_wconf 72' lang='grc' dir='ltr'>οἰόμεθα</span> <span class='ocrx_word' id='word_1_316' title='bbox 279 2745 374 2824; x_wconf 84' lang='grc' dir='ltr'>λέγειν,</span> <span class='ocrx_word' id='word_1_317' title='bbox 391 2749 460 2823; x_wconf 66' lang='grc' dir='ltr'>ὑμᾶς</span> <span class='ocrx_word' id='word_1_318' title='bbox 472 2748 500 2805; x_wconf 79' lang='grc' dir='ltr'>δδ</span> <span class='ocrx_word' id='word_1_319' title='bbox 516 2747 593 2815; x_wconf 79' lang='grc' dir='ltr'>ὁσίως</span> <span class='ocrx_word' id='word_1_320' title='bbox 608 2751 671 2829; x_wconf 82' lang='grc' dir='ltr'>δρθν</span> <span class='ocrx_word' id='word_1_321' title='bbox 686 2750 814 2829; x_wconf 66' lang='grc' dir='ltr'>προσήκει</span> <span class='ocrx_word' id='word_1_322' title='bbox 832 2751 866 2809; x_wconf 76' lang='grc' dir='ltr'>τό</span> <span class='ocrx_word' id='word_1_323' title='bbox 911 2759 1001 2821; x_wconf 86' lang='lat' dir='ltr'>videri,</span> <span class='ocrx_word' id='word_1_324' title='bbox 1011 2773 1055 2809; x_wconf 90' lang='lat' dir='ltr'>vos</span> <span class='ocrx_word' id='word_1_325' title='bbox 1066 2762 1148 2809; x_wconf 86' lang='lat' dir='ltr'>autem</span> <span class='ocrx_word' id='word_1_326' title='bbox 1157 2760 1242 2808; x_wconf 78' lang='lat' dir='ltr'>decere</span> <span class='ocrx_word' id='word_1_327' title='bbox 1250 2760 1332 2808; x_wconf 83' lang='lat' dir='ltr'>sancte</span> <span class='ocrx_word' id='word_1_328' title='bbox 1343 2760 1368 2807; x_wconf 89' lang='lat' dir='ltr'>et</span> <span class='ocrx_word' id='word_1_329' title='bbox 1381 2770 1465 2807; x_wconf 88' lang='lat' dir='ltr'>severe</span> <span class='ocrx_word' id='word_1_330' title='bbox 1478 2756 1634 2806; x_wconf 76' lang='lat' dir='ltr'>remintueri.</span> <span class='ocrx_word' id='word_1_331' title='bbox 1657 2758 1692 2817; x_wconf 79' lang='lat'>(2)</span> 
     </span>
     <span class='ocr_line' id='line_1_25' title="bbox 94 2834 1690 2919; baseline -0.001 -26"><span class='ocrx_word' id='word_1_332' title='bbox 94 2834 248 2915; x_wconf 71' lang='grc' dir='ltr'>σρσγθέντα·</span> <span class='ocrx_word' id='word_1_333' title='bbox 266 2834 402 2915; x_wconf 80' lang='grc' dir='ltr'>(ι)έκτῶν</span> <span class='ocrx_word' id='word_1_334' title='bbox 415 2834 561 2913; x_wconf 82' lang='grc' dir='ltr'>λεγομένων</span> <span class='ocrx_word' id='word_1_335' title='bbox 580 2837 784 2919; x_wconf 75' lang='grc' dir='ltr'>γὰρὴόλήθεια</span> <span class='ocrx_word' id='word_1_336' title='bbox 806 2862 867 2899; x_wconf 86' lang='grc' dir='ltr'>σκε-</span> <span class='ocrx_word' id='word_1_337' title='bbox 912 2849 1003 2897; x_wconf 82' lang='lat' dir='ltr'>Name</span> <span class='ocrx_word' id='word_1_338' title='bbox 1022 2846 1149 2908; x_wconf 70' lang='lat' dir='ltr'>disputatu</span> <span class='ocrx_word' id='word_1_339' title='bbox 1172 2845 1259 2894; x_wconf 82' lang='lat' dir='ltr'>veritas</span> <span class='ocrx_word' id='word_1_340' title='bbox 1281 2857 1361 2894; x_wconf 89' lang='lat' dir='ltr'>rerum</span> <span class='ocrx_word' id='word_1_341' title='bbox 1380 2846 1500 2906; x_wconf 77' lang='lat' dir='ltr'>gestirem</span> <span class='ocrx_word' id='word_1_342' title='bbox 1520 2843 1625 2892; x_wconf 89' lang='lat' dir='ltr'>eruenda</span> <span class='ocrx_word' id='word_1_343' title='bbox 1646 2845 1690 2893; x_wconf 89' lang='lat' dir='ltr'>est.</span> 
     </span>
     <span class='ocr_line' id='line_1_26' title="bbox 93 2920 1693 3008; baseline -0.001 -30"><span class='ocrx_word' id='word_1_344' title='bbox 93 2920 152 2979; x_wconf 79' lang='grc' dir='ltr'>ττέα</span> <span class='ocrx_word' id='word_1_345' title='bbox 164 2925 256 2981; x_wconf 77' lang='grc' dir='ltr'>αὐτῶν</span> <span class='ocrx_word' id='word_1_346' title='bbox 269 2925 349 2982; x_wconf 76' lang='grc' dir='ltr'>ἐστιν.</span> <span class='ocrx_word' id='word_1_347' title='bbox 369 2922 440 3001; x_wconf 81' lang='grc' dir='ltr'>Ἐγὼ</span> <span class='ocrx_word' id='word_1_348' title='bbox 453 2923 496 2999; x_wconf 91' lang='grc' dir='ltr'>δέ,</span> <span class='ocrx_word' id='word_1_349' title='bbox 509 2925 532 2983; x_wconf 85' lang='grc' dir='ltr'>εί</span> <span class='ocrx_word' id='word_1_350' title='bbox 547 2922 595 3001; x_wconf 82' lang='grc' dir='ltr'>μέν</span> <span class='ocrx_word' id='word_1_351' title='bbox 608 2947 634 2983; x_wconf 91' lang='grc' dir='ltr'>τι</span> <span class='ocrx_word' id='word_1_352' title='bbox 651 2926 743 3004; x_wconf 77' lang='grc' dir='ltr'>ψεῦδος</span> <span class='ocrx_word' id='word_1_353' title='bbox 760 2927 866 3008; x_wconf 76' lang='grc' dir='ltr'>εἴρηκα,</span> <span class='ocrx_word' id='word_1_354' title='bbox 911 2934 1027 2984; x_wconf 80' lang='lat' dir='ltr'>Mentitus</span> <span class='ocrx_word' id='word_1_355' title='bbox 1041 2945 1085 2994; x_wconf 79' lang='lat' dir='ltr'>ego</span> <span class='ocrx_word' id='word_1_356' title='bbox 1104 2932 1124 2981; x_wconf 90' lang='lat' dir='ltr'>si</span> <span class='ocrx_word' id='word_1_357' title='bbox 1141 2931 1199 2994; x_wconf 90' lang='lat' dir='ltr'>qnid</span> <span class='ocrx_word' id='word_1_358' title='bbox 1213 2931 1295 2991; x_wconf 85' lang='lat' dir='ltr'>tuero,</span> <span class='ocrx_word' id='word_1_359' title='bbox 1306 2929 1429 2993; x_wconf 75' lang='lat' dir='ltr'>profiteor,</span> <span class='ocrx_word' id='word_1_360' title='bbox 1439 2942 1468 2978; x_wconf 91' lang='lat' dir='ltr'>eo</span> <span class='ocrx_word' id='word_1_361' title='bbox 1484 2928 1581 2990; x_wconf 83' lang='lat' dir='ltr'>reliquis</span> <span class='ocrx_word' id='word_1_362' title='bbox 1596 2942 1693 2990; x_wconf 85' lang='lat' dir='ltr'>quoque</span> 
     </span>
     <span class='ocr_line' id='line_1_27' title="bbox 94 3006 1691 3090; baseline -0.002 -23"><span class='ocrx_word' id='word_1_363' title='bbox 94 3009 201 3084; x_wconf 77' lang='grc' dir='ltr'>ὁμολογῶ</span> <span class='ocrx_word' id='word_1_364' title='bbox 214 3007 267 3067; x_wconf 84' lang='grc' dir='ltr'>καὶ</span> <span class='ocrx_word' id='word_1_365' title='bbox 276 3006 311 3067; x_wconf 74' lang='grc' dir='ltr'>τὰ</span> <span class='ocrx_word' id='word_1_366' title='bbox 323 3011 405 3088; x_wconf 82' lang='grc' dir='ltr'>δρθως</span> <span class='ocrx_word' id='word_1_367' title='bbox 419 3008 543 3089; x_wconf 84' lang='grc' dir='ltr'>εἰρημένα</span> <span class='ocrx_word' id='word_1_368' title='bbox 556 3010 776 3090; x_wconf 81' lang='grc' dir='ltr'>προσδιαθέλλειν</span> <span class='ocrx_word' id='word_1_369' title='bbox 789 3014 866 3072; x_wconf 80' lang='grc' dir='ltr'>ἄδικα</span> <span class='ocrx_word' id='word_1_370' title='bbox 912 3020 1056 3070; x_wconf 85' lang='lat' dir='ltr'>reetedictis</span> <span class='ocrx_word' id='word_1_371' title='bbox 1062 3018 1177 3069; x_wconf 86' lang='lat' dir='ltr'>invidiam</span> <span class='ocrx_word' id='word_1_372' title='bbox 1186 3017 1276 3068; x_wconf 77' lang='lat' dir='ltr'>fraudis</span> <span class='ocrx_word' id='word_1_373' title='bbox 1291 3017 1394 3067; x_wconf 77' lang='lat' dir='ltr'>aiidmri</span> <span class='ocrx_word' id='word_1_374' title='bbox 1404 3037 1410 3065; x_wconf 73' lang='grc' dir='ltr'><strong>ε</strong></span> <span class='ocrx_word' id='word_1_375' title='bbox 1419 3015 1691 3077; x_wconf 83' lang='lat' dir='ltr'>sinautemsmedicta,</span> 
     </span>
     <span class='ocr_line' id='line_1_28' title="bbox 93 3084 1691 3179; baseline -0.001 -28"><span class='ocrx_word' id='word_1_376' title='bbox 93 3084 158 3152; x_wconf 71' lang='grc' dir='ltr'>εἶναι·</span> <span class='ocrx_word' id='word_1_377' title='bbox 166 3097 189 3154; x_wconf 82' lang='grc' dir='ltr'>εί</span> <span class='ocrx_word' id='word_1_378' title='bbox 197 3095 229 3155; x_wconf 83' lang='grc' dir='ltr'>δὲ</span> <span class='ocrx_word' id='word_1_379' title='bbox 244 3097 330 3167; x_wconf 75' lang='grc' dir='ltr'>ἀληθῆ</span> <span class='ocrx_word' id='word_1_380' title='bbox 341 3094 399 3172; x_wconf 92' lang='grc' dir='ltr'>μέν,</span> <span class='ocrx_word' id='word_1_381' title='bbox 412 3095 497 3155; x_wconf 85' lang='grc' dir='ltr'>λεπτδι</span> <span class='ocrx_word' id='word_1_382' title='bbox 511 3095 539 3155; x_wconf 81' lang='grc' dir='ltr'>δὲ</span> <span class='ocrx_word' id='word_1_383' title='bbox 550 3096 595 3156; x_wconf 85' lang='grc' dir='ltr'>καί</span> <span class='ocrx_word' id='word_1_384' title='bbox 608 3102 666 3179; x_wconf 80' lang='grc' dir='ltr'>ἀκρι</span> <span class='ocrx_word' id='word_1_385' title='bbox 685 3123 719 3176; x_wconf 89' lang='grc' dir='ltr'>η,</span> <span class='ocrx_word' id='word_1_386' title='bbox 728 3101 776 3158; x_wconf 79' lang='grc' dir='ltr'>οὐκ</span> <span class='ocrx_word' id='word_1_387' title='bbox 788 3101 840 3179; x_wconf 75' lang='grc' dir='ltr'>ἐγὼ</span> <span class='ocrx_word' id='word_1_388' title='bbox 854 3107 868 3161; x_wconf 84' lang='grc' dir='ltr'>ό</span> <span class='ocrx_word' id='word_1_389' title='bbox 912 3106 1418 3169; x_wconf 83' lang='lat' dir='ltr'>tametsisubtiiiteretiimate,veretamen</span> <span class='ocrx_word' id='word_1_390' title='bbox 1427 3103 1491 3153; x_wconf 82' lang='lat' dir='ltr'>dieta</span> <span class='ocrx_word' id='word_1_391' title='bbox 1500 3104 1625 3165; x_wconf 87' lang='lat' dir='ltr'>sunt‚non</span> <span class='ocrx_word' id='word_1_392' title='bbox 1635 3116 1691 3165; x_wconf 79' lang='lat' dir='ltr'>ego,</span> 
     </span>
     <span class='ocr_line' id='line_1_29' title="bbox 93 3178 1692 3269; baseline -0.002 -28"><span class='ocrx_word' id='word_1_393' title='bbox 93 3178 177 3259; x_wconf 73' lang='grc' dir='ltr'>λέγων,</span> <span class='ocrx_word' id='word_1_394' title='bbox 191 3182 257 3243; x_wconf 80' lang='grc' dir='ltr'>ἀλλ’</span> <span class='ocrx_word' id='word_1_395' title='bbox 268 3186 282 3240; x_wconf 83' lang='grc' dir='ltr'><strong>ὁ</strong></span> <span class='ocrx_word' id='word_1_396' title='bbox 292 3182 393 3263; x_wconf 74' lang='grc' dir='ltr'>πράξας</span> <span class='ocrx_word' id='word_1_397' title='bbox 405 3183 453 3253; x_wconf 68' lang='grc' dir='ltr'>τὴν</span> <span class='ocrx_word' id='word_1_398' title='bbox 466 3183 607 3264; x_wconf 81' lang='grc' dir='ltr'>ἀπέχθειαν</span> <span class='ocrx_word' id='word_1_399' title='bbox 620 3187 706 3245; x_wconf 75' lang='grc' dir='ltr'>αὐτῶν</span> <span class='ocrx_word' id='word_1_400' title='bbox 715 3186 812 3257; x_wconf 86' lang='grc' dir='ltr'>δίκαιος</span> <span class='ocrx_word' id='word_1_401' title='bbox 822 3187 867 3269; x_wconf 73' lang='lat' dir='ltr'>qi·</span> <span class='ocrx_word' id='word_1_402' title='bbox 912 3194 955 3256; x_wconf 90' lang='lat' dir='ltr'>qui</span> <span class='ocrx_word' id='word_1_403' title='bbox 966 3194 1012 3243; x_wconf 84' lang='lat' dir='ltr'>ista</span> <span class='ocrx_word' id='word_1_404' title='bbox 1023 3192 1091 3255; x_wconf 91' lang='lat' dir='ltr'>dioo,</span> <span class='ocrx_word' id='word_1_405' title='bbox 1103 3192 1146 3242; x_wconf 89' lang='lat' dir='ltr'>sed</span> <span class='ocrx_word' id='word_1_406' title='bbox 1158 3194 1244 3241; x_wconf 88' lang='lat' dir='ltr'>natura</span> <span class='ocrx_word' id='word_1_407' title='bbox 1257 3204 1338 3241; x_wconf 89' lang='lat' dir='ltr'>rerum</span> <span class='ocrx_word' id='word_1_408' title='bbox 1353 3190 1462 3241; x_wconf 86' lang='lat' dir='ltr'>oratione</span> <span class='ocrx_word' id='word_1_409' title='bbox 1481 3202 1535 3238; x_wconf 84' lang='lat' dir='ltr'>meu</span> <span class='ocrx_word' id='word_1_410' title='bbox 1550 3190 1692 3252; x_wconf 74' lang='lat' dir='ltr'>agitatamm</span> 
     </span>
     <span class='ocr_line' id='line_1_30' title="bbox 93 3270 1495 3344; baseline -0.003 -15"><span class='ocrx_word' id='word_1_411' title='bbox 93 3270 253 3344; x_wconf 81' lang='grc' dir='ltr'>ρισθαίέστι.</span> <span class='ocrx_word' id='word_1_412' title='bbox 912 3281 1019 3329; x_wconf 86' lang='lat' dir='ltr'>meretur</span> <span class='ocrx_word' id='word_1_413' title='bbox 1031 3279 1138 3328; x_wconf 86' lang='lat' dir='ltr'>odiosam</span> <span class='ocrx_word' id='word_1_414' title='bbox 1156 3279 1219 3328; x_wconf 77' lang='lat' dir='ltr'>usne</span> <span class='ocrx_word' id='word_1_415' title='bbox 1233 3277 1416 3340; x_wconf 76' lang='lat' dir='ltr'>appeliationem</span> <span class='ocrx_word' id='word_1_416' title='bbox 1426 3276 1495 3327; x_wconf 81' lang='lat' dir='ltr'>terre.</span> 
     </span>
     <span class='ocr_line' id='line_1_31' title="bbox 122 3354 1693 3437; baseline -0.002 -23"><span class='ocrx_word' id='word_1_417' title='bbox 122 3376 144 3416; x_wconf 85' lang='grc' dir='ltr'>ε.</span> <span class='ocrx_word' id='word_1_418' title='bbox 163 3358 250 3418; x_wconf 85' lang='grc' dir='ltr'>Θέλω</span> <span class='ocrx_word' id='word_1_419' title='bbox 270 3354 298 3415; x_wconf 76' lang='grc' dir='ltr'>δέ</span> <span class='ocrx_word' id='word_1_420' title='bbox 312 3357 379 3432; x_wconf 72' lang='grc' dir='ltr'>ὑμᾶς</span> <span class='ocrx_word' id='word_1_421' title='bbox 397 3359 502 3437; x_wconf 77' lang='grc' dir='ltr'>πρῶτον</span> <span class='ocrx_word' id='word_1_422' title='bbox 518 3362 610 3435; x_wconf 83' lang='grc' dir='ltr'>μαθεῖν</span> <span class='ocrx_word' id='word_1_423' title='bbox 633 3359 672 3419; x_wconf 82' lang='grc' dir='ltr'>δτι</span> <span class='ocrx_word' id='word_1_424' title='bbox 695 3363 743 3421; x_wconf 78' lang='grc' dir='ltr'>οὐκ</span> <span class='ocrx_word' id='word_1_425' title='bbox 763 3362 808 3420; x_wconf 82' lang='grc' dir='ltr'>έσίν</span> <span class='ocrx_word' id='word_1_426' title='bbox 830 3386 868 3428; x_wconf 87' lang='grc' dir='ltr'>τις</span> <span class='ocrx_word' id='word_1_427' title='bbox 944 3374 968 3416; x_wconf 78' lang='grc' dir='ltr'>θ.</span> <span class='ocrx_word' id='word_1_428' title='bbox 985 3367 1047 3416; x_wconf 85' lang='lat' dir='ltr'>Voio</span> <span class='ocrx_word' id='word_1_429' title='bbox 1056 3367 1138 3428; x_wconf 89' lang='lat' dir='ltr'>itaque</span> <span class='ocrx_word' id='word_1_430' title='bbox 1148 3369 1204 3415; x_wconf 84' lang='lat' dir='ltr'>ante</span> <span class='ocrx_word' id='word_1_431' title='bbox 1215 3365 1297 3414; x_wconf 85' lang='lat' dir='ltr'>omnia</span> <span class='ocrx_word' id='word_1_432' title='bbox 1306 3364 1380 3427; x_wconf 88' lang='lat' dir='ltr'>probe</span> <span class='ocrx_word' id='word_1_433' title='bbox 1393 3377 1437 3414; x_wconf 84' lang='lat' dir='ltr'>vos</span> <span class='ocrx_word' id='word_1_434' title='bbox 1445 3366 1527 3413; x_wconf 86' lang='lat' dir='ltr'>tenere</span> <span class='ocrx_word' id='word_1_435' title='bbox 1533 3399 1541 3425; x_wconf 89' lang='lat'><em>,</em></span> <span class='ocrx_word' id='word_1_436' title='bbox 1555 3363 1693 3425; x_wconf 86' lang='lat' dir='ltr'>nousiquis</span> 
     </span>
     <span class='ocr_line' id='line_1_32' title="bbox 92 3440 1693 3529; baseline -0.003 -27"><span class='ocrx_word' id='word_1_437' title='bbox 92 3440 172 3522; x_wconf 76' lang='grc' dir='ltr'>ρόσκη</span> <span class='ocrx_word' id='word_1_438' title='bbox 191 3443 364 3516; x_wconf 77' lang='grc' dir='ltr'>ἀποκτεῖναι,</span> <span class='ocrx_word' id='word_1_439' title='bbox 377 3443 447 3502; x_wconf 79' lang='grc' dir='ltr'>τοῦτ’</span> <span class='ocrx_word' id='word_1_440' title='bbox 465 3443 544 3519; x_wconf 76' lang='grc' dir='ltr'>ἔστιν,</span> <span class='ocrx_word' id='word_1_441' title='bbox 558 3449 617 3507; x_wconf 79' lang='grc' dir='ltr'>ἀλλ’</span> <span class='ocrx_word' id='word_1_442' title='bbox 638 3447 683 3507; x_wconf 68' lang='lat' dir='ltr'>tiu</span> <span class='ocrx_word' id='word_1_443' title='bbox 694 3471 733 3515; x_wconf 88' lang='grc' dir='ltr'>τις</span> <span class='ocrx_word' id='word_1_444' title='bbox 747 3451 866 3529; x_wconf 67' lang='grc' dir='ltr'>ἐλεγχθῇ.</span> <span class='ocrx_word' id='word_1_445' title='bbox 912 3453 985 3502; x_wconf 80' lang='lat' dir='ltr'>undis</span> <span class='ocrx_word' id='word_1_446' title='bbox 1000 3466 1069 3502; x_wconf 89' lang='lat' dir='ltr'>reum</span> <span class='ocrx_word' id='word_1_447' title='bbox 1088 3453 1193 3515; x_wconf 77' lang='lat' dir='ltr'>aliquem</span> <span class='ocrx_word' id='word_1_448' title='bbox 1210 3453 1274 3512; x_wconf 86' lang='lat' dir='ltr'>siat,</span> <span class='ocrx_word' id='word_1_449' title='bbox 1289 3450 1434 3499; x_wconf 80' lang='lat' dir='ltr'>homicidam</span> <span class='ocrx_word' id='word_1_450' title='bbox 1452 3449 1517 3511; x_wconf 85' lang='lat' dir='ltr'>deri,</span> <span class='ocrx_word' id='word_1_451' title='bbox 1535 3449 1579 3498; x_wconf 88' lang='lat' dir='ltr'>sed</span> <span class='ocrx_word' id='word_1_452' title='bbox 1593 3448 1693 3500; x_wconf 86' lang='lat' dir='ltr'>erimine</span> 
     </span>
     <span class='ocr_line' id='line_1_33' title="bbox 63 3518 1692 3612; baseline -0.004 -22"><span class='ocrx_word' id='word_1_453' title='bbox 63 3521 166 3599; x_wconf 57' lang='lat' dir='ltr'>uois</span> <span class='ocrx_word' id='word_1_454' title='bbox 177 3531 205 3590; x_wconf 78' lang='grc' dir='ltr'>δὲ</span> <span class='ocrx_word' id='word_1_455' title='bbox 216 3533 356 3608; x_wconf 80' lang='grc' dir='ltr'>ὁμολογῶν</span> <span class='ocrx_word' id='word_1_456' title='bbox 364 3531 394 3589; x_wconf 83' lang='grc' dir='ltr'>τὸ</span> <span class='ocrx_word' id='word_1_457' title='bbox 404 3530 477 3612; x_wconf 77' lang='grc' dir='ltr'>ἔργον</span> <span class='ocrx_word' id='word_1_458' title='bbox 486 3531 521 3596; x_wconf 83' lang='grc' dir='ltr'>ὡς</span> <span class='ocrx_word' id='word_1_459' title='bbox 533 3532 610 3603; x_wconf 76' lang='grc' dir='ltr'>ἡμεῖς</span> <span class='ocrx_word' id='word_1_460' title='bbox 622 3528 731 3607; x_wconf 83' lang='grc' dir='ltr'>λέγομεν</span> <span class='ocrx_word' id='word_1_461' title='bbox 739 3518 867 3607; x_wconf 69' lang='grc' dir='ltr'>γενέσθαι,</span> <span class='ocrx_word' id='word_1_462' title='bbox 912 3541 1077 3604; x_wconf 87' lang='lat' dir='ltr'>oomprobato.</span> <span class='ocrx_word' id='word_1_463' title='bbox 1118 3540 1163 3588; x_wconf 82' lang='lat' dir='ltr'>iiie</span> <span class='ocrx_word' id='word_1_464' title='bbox 1180 3541 1262 3589; x_wconf 65' lang='lat' dir='ltr'>auum</span> <span class='ocrx_word' id='word_1_465' title='bbox 1278 3538 1394 3587; x_wconf 79' lang='lat' dir='ltr'>mutitens</span> <span class='ocrx_word' id='word_1_466' title='bbox 1412 3550 1463 3587; x_wconf 90' lang='lat' dir='ltr'>rem</span> <span class='ocrx_word' id='word_1_467' title='bbox 1485 3537 1519 3586; x_wconf 88' lang='lat' dir='ltr'>ita</span> <span class='ocrx_word' id='word_1_468' title='bbox 1534 3538 1613 3585; x_wconf 71' lang='lat' dir='ltr'>auum</span> <span class='ocrx_word' id='word_1_469' title='bbox 1628 3548 1692 3596; x_wconf 81' lang='lat' dir='ltr'>esse,</span> 
     </span>
     <span class='ocr_line' id='line_1_34' title="bbox 92 3615 1692 3698; baseline -0.003 -22"><span class='ocrx_word' id='word_1_470' title='bbox 92 3616 149 3698; x_wconf 75' lang='grc' dir='ltr'>ὑπέρ</span> <span class='ocrx_word' id='word_1_471' title='bbox 162 3624 209 3678; x_wconf 73' lang='grc' dir='ltr'>τοῦ</span> <span class='ocrx_word' id='word_1_472' title='bbox 224 3617 428 3686; x_wconf 82' lang='grc' dir='ltr'>ἀποκτιίναντος</span> <span class='ocrx_word' id='word_1_473' title='bbox 439 3615 613 3698; x_wconf 78' lang='grc' dir='ltr'>ἀμφισόηττῖ,</span> <span class='ocrx_word' id='word_1_474' title='bbox 628 3616 656 3675; x_wconf 90' lang='grc' dir='ltr'>δν</span> <span class='ocrx_word' id='word_1_475' title='bbox 675 3617 800 3677; x_wconf 81' lang='grc' dir='ltr'>ἀδύνατον</span> <span class='ocrx_word' id='word_1_476' title='bbox 817 3620 865 3676; x_wconf 77' lang='grc' dir='ltr'>ἀλ-</span> <span class='ocrx_word' id='word_1_477' title='bbox 912 3631 992 3678; x_wconf 86' lang='lat' dir='ltr'>ntnos</span> <span class='ocrx_word' id='word_1_478' title='bbox 1001 3627 1169 3691; x_wconf 83' lang='lat' dir='ltr'>exposuimus,</span> <span class='ocrx_word' id='word_1_479' title='bbox 1179 3628 1261 3677; x_wconf 66' lang='lat' dir='ltr'>umen</span> <span class='ocrx_word' id='word_1_480' title='bbox 1270 3625 1301 3675; x_wconf 92' lang='lat' dir='ltr'>de</span> <span class='ocrx_word' id='word_1_481' title='bbox 1307 3627 1404 3675; x_wconf 77' lang='lat' dir='ltr'>auctore</span> <span class='ocrx_word' id='word_1_482' title='bbox 1413 3624 1487 3674; x_wconf 74' lang='lat' dir='ltr'>endis</span> <span class='ocrx_word' id='word_1_483' title='bbox 1495 3624 1620 3673; x_wconf 83' lang='lat' dir='ltr'>ambitiose</span> <span class='ocrx_word' id='word_1_484' title='bbox 1628 3636 1692 3686; x_wconf 85' lang='lat' dir='ltr'>qusn-</span> 
     </span>
     <span class='ocr_line' id='line_1_35' title="bbox 91 3704 1692 3786; baseline -0.001 -26"><span class='ocrx_word' id='word_1_485' title='bbox 91 3705 193 3784; x_wconf 75' lang='grc' dir='ltr'>λαγόθεν</span> <span class='ocrx_word' id='word_1_486' title='bbox 204 3708 266 3777; x_wconf 67' lang='lat' dir='ltr'>ais</span> <span class='ocrx_word' id='word_1_487' title='bbox 274 3708 326 3764; x_wconf 82' lang='grc' dir='ltr'>τῶν</span> <span class='ocrx_word' id='word_1_488' title='bbox 336 3704 504 3786; x_wconf 80' lang='grc' dir='ltr'>πραχθέντων</span> <span class='ocrx_word' id='word_1_489' title='bbox 513 3706 663 3778; x_wconf 77' lang='grc' dir='ltr'>δηλοῦσθαι.</span> <span class='ocrx_word' id='word_1_490' title='bbox 673 3706 703 3786; x_wconf 76' lang='lat' dir='ltr'>(t)</span> <span class='ocrx_word' id='word_1_491' title='bbox 714 3704 868 3783; x_wconf 78' lang='grc' dir='ltr'>Σχετλιέζει</span> <span class='ocrx_word' id='word_1_492' title='bbox 912 3716 957 3777; x_wconf 88' lang='lat' dir='ltr'>rit,</span> <span class='ocrx_word' id='word_1_493' title='bbox 966 3716 997 3765; x_wconf 88' lang='lat' dir='ltr'>de</span> <span class='ocrx_word' id='word_1_494' title='bbox 1005 3729 1054 3779; x_wconf 90' lang='lat' dir='ltr'>quo</span> <span class='ocrx_word' id='word_1_495' title='bbox 1063 3715 1160 3765; x_wconf 80' lang='lat' dir='ltr'>aliunde</span> <span class='ocrx_word' id='word_1_496' title='bbox 1170 3727 1264 3777; x_wconf 89' lang='lat' dir='ltr'>quame</span> <span class='ocrx_word' id='word_1_497' title='bbox 1274 3713 1342 3764; x_wconf 80' lang='lat' dir='ltr'>iactis</span> <span class='ocrx_word' id='word_1_498' title='bbox 1350 3715 1460 3762; x_wconf 76' lang='lat' dir='ltr'>constare</span> <span class='ocrx_word' id='word_1_499' title='bbox 1469 3711 1560 3774; x_wconf 88' lang='lat' dir='ltr'>nequit.</span> <span class='ocrx_word' id='word_1_500' title='bbox 1576 3710 1609 3771; x_wconf 80' lang='lat' dir='ltr'>(t)</span> <span class='ocrx_word' id='word_1_501' title='bbox 1619 3714 1692 3760; x_wconf 80' lang='lat' dir='ltr'>Porro</span> 
     </span>
     <span class='ocr_line' id='line_1_36' title="bbox 91 3788 1692 3872; baseline -0.001 -25"><span class='ocrx_word' id='word_1_502' title='bbox 91 3789 115 3847; x_wconf 75' lang='lat' dir='ltr'>ii</span> <span class='ocrx_word' id='word_1_503' title='bbox 124 3796 211 3859; x_wconf 77' lang='grc' dir='ltr'>κακῶς</span> <span class='ocrx_word' id='word_1_504' title='bbox 225 3788 333 3850; x_wconf 71' lang='grc' dir='ltr'>ἀκούειν</span> <span class='ocrx_word' id='word_1_505' title='bbox 348 3791 456 3872; x_wconf 77' lang='grc' dir='ltr'>φάσκων</span> <span class='ocrx_word' id='word_1_506' title='bbox 469 3790 515 3850; x_wconf 77' lang='grc' dir='ltr'>τόν</span> <span class='ocrx_word' id='word_1_507' title='bbox 532 3792 629 3863; x_wconf 83' lang='grc' dir='ltr'>παῖδα,</span> <span class='ocrx_word' id='word_1_508' title='bbox 648 3793 671 3849; x_wconf 84' lang='grc' dir='ltr'>εί</span> <span class='ocrx_word' id='word_1_509' title='bbox 685 3791 752 3868; x_wconf 77' lang='grc' dir='ltr'>μήτε</span> <span class='ocrx_word' id='word_1_510' title='bbox 763 3792 868 3850; x_wconf 75' lang='grc' dir='ltr'>ἄκοντί·</span> <span class='ocrx_word' id='word_1_511' title='bbox 912 3805 1057 3853; x_wconf 86' lang='lat' dir='ltr'>lamentatur</span> <span class='ocrx_word' id='word_1_512' title='bbox 1066 3802 1097 3852; x_wconf 89' lang='lat' dir='ltr'>de</span> <span class='ocrx_word' id='word_1_513' title='bbox 1105 3802 1192 3863; x_wconf 85' lang='lat' dir='ltr'>injuria</span> <span class='ocrx_word' id='word_1_514' title='bbox 1207 3801 1258 3851; x_wconf 84' lang='lat' dir='ltr'>titio</span> <span class='ocrx_word' id='word_1_515' title='bbox 1266 3814 1311 3850; x_wconf 91' lang='lat' dir='ltr'>suo</span> <span class='ocrx_word' id='word_1_516' title='bbox 1321 3800 1397 3861; x_wconf 80' lang='lat' dir='ltr'>iacta,</span> <span class='ocrx_word' id='word_1_517' title='bbox 1408 3798 1474 3862; x_wconf 91' lang='lat' dir='ltr'>quod</span> <span class='ocrx_word' id='word_1_518' title='bbox 1483 3811 1539 3847; x_wconf 90' lang='lat' dir='ltr'>eum</span> <span class='ocrx_word' id='word_1_519' title='bbox 1549 3797 1692 3849; x_wconf 83' lang='lat' dir='ltr'>homicidam</span> 
     </span>
     <span class='ocr_line' id='line_1_37' title="bbox 91 3876 1693 3958; baseline -0.004 -20"><span class='ocrx_word' id='word_1_520' title='bbox 91 3900 133 3945; x_wconf 81' lang='grc' dir='ltr'>σας</span> <span class='ocrx_word' id='word_1_521' title='bbox 144 3879 207 3955; x_wconf 74' lang='grc' dir='ltr'>μήτ’</span> <span class='ocrx_word' id='word_1_522' title='bbox 223 3879 367 3951; x_wconf 74' lang='grc' dir='ltr'>έπινοιίσας</span> <span class='ocrx_word' id='word_1_523' title='bbox 383 3879 506 3951; x_wconf 76' lang='grc' dir='ltr'>αὐθέντης</span> <span class='ocrx_word' id='word_1_524' title='bbox 518 3876 554 3937; x_wconf 77' lang='grc' dir='ltr'>ὢν</span> <span class='ocrx_word' id='word_1_525' title='bbox 569 3878 767 3958; x_wconf 79' lang='grc' dir='ltr'>ἀποδέδεικται,</span> <span class='ocrx_word' id='word_1_526' title='bbox 782 3880 828 3938; x_wconf 84' lang='grc' dir='ltr'>καί</span> <span class='ocrx_word' id='word_1_527' title='bbox 838 3882 868 3940; x_wconf 81' lang='grc' dir='ltr'>οὔ</span> <span class='ocrx_word' id='word_1_528' title='bbox 912 3891 950 3940; x_wconf 91' lang='lat' dir='ltr'>sui</span> <span class='ocrx_word' id='word_1_529' title='bbox 959 3890 1174 3940; x_wconf 73' lang='lat' dir='ltr'>demonstraverim</span> <span class='ocrx_word' id='word_1_530' title='bbox 1185 3902 1246 3950; x_wconf 89' lang='lat' dir='ltr'>esse,</span> <span class='ocrx_word' id='word_1_531' title='bbox 1256 3888 1297 3951; x_wconf 90' lang='lat' dir='ltr'>qui</span> <span class='ocrx_word' id='word_1_532' title='bbox 1307 3890 1387 3936; x_wconf 86' lang='lat' dir='ltr'>tamen</span> <span class='ocrx_word' id='word_1_533' title='bbox 1400 3899 1445 3935; x_wconf 87' lang='lat' dir='ltr'>nee</span> <span class='ocrx_word' id='word_1_534' title='bbox 1456 3884 1576 3934; x_wconf 86' lang='lat' dir='ltr'>intorserit</span> <span class='ocrx_word' id='word_1_535' title='bbox 1584 3885 1693 3946; x_wconf 76' lang='lat' dir='ltr'>ieeuinru</span> 
     </span>
     <span class='ocr_line' id='line_1_38' title="bbox 90 3964 1692 4044; baseline -0.004 -19"><span class='ocrx_word' id='word_1_536' title='bbox 90 3964 147 4043; x_wconf 69' lang='grc' dir='ltr'>πρὸς</span> <span class='ocrx_word' id='word_1_537' title='bbox 159 3965 193 4025; x_wconf 74' lang='grc' dir='ltr'>τίς</span> <span class='ocrx_word' id='word_1_538' title='bbox 206 3966 342 4044; x_wconf 82' lang='grc' dir='ltr'>λεγόμενα</span> <span class='ocrx_word' id='word_1_539' title='bbox 354 3969 530 4044; x_wconf 80' lang='grc' dir='ltr'>ἀπολογεῖται·</span> <span class='ocrx_word' id='word_1_540' title='bbox 545 3967 574 4023; x_wconf 80' lang='grc' dir='ltr'>οὗ</span> <span class='ocrx_word' id='word_1_541' title='bbox 590 3964 640 4044; x_wconf 71' lang='grc' dir='ltr'>γὰρ</span> <span class='ocrx_word' id='word_1_542' title='bbox 659 3965 794 4024; x_wconf 79' lang='grc' dir='ltr'>ἀκοντίσαι</span> <span class='ocrx_word' id='word_1_543' title='bbox 811 3965 869 4025; x_wconf 74' lang='grc' dir='ltr'>οὐδὲ</span> <span class='ocrx_word' id='word_1_544' title='bbox 912 3990 957 4027; x_wconf 83' lang='lat' dir='ltr'>nee</span> <span class='ocrx_word' id='word_1_545' title='bbox 966 3976 1106 4038; x_wconf 58' lang='lat' dir='ltr'>tentaverit</span> <span class='ocrx_word' id='word_1_546' title='bbox 1118 3975 1149 4025; x_wconf 86' lang='lat' dir='ltr'>do</span> <span class='ocrx_word' id='word_1_547' title='bbox 1161 3973 1329 4036; x_wconf 85' lang='lat' dir='ltr'>intorquendo.</span> <span class='ocrx_word' id='word_1_548' title='bbox 1338 3976 1389 4035; x_wconf 78' lang='lat' dir='ltr'>ligo</span> <span class='ocrx_word' id='word_1_549' title='bbox 1400 3973 1449 4034; x_wconf 89' lang='lat' dir='ltr'>ipse</span> <span class='ocrx_word' id='word_1_550' title='bbox 1458 3984 1554 4034; x_wconf 88' lang='lat' dir='ltr'>quoque</span> <span class='ocrx_word' id='word_1_551' title='bbox 1566 3983 1625 4032; x_wconf 79' lang='lat' dir='ltr'>nego</span> <span class='ocrx_word' id='word_1_552' title='bbox 1635 3983 1692 4032; x_wconf 90' lang='lat' dir='ltr'>pue·</span> 
     </span>
     <span class='ocr_line' id='line_1_39' title="bbox 91 4049 1691 4134; baseline -0.004 -23"><span class='ocrx_word' id='word_1_553' title='bbox 91 4053 174 4128; x_wconf 72' lang='grc' dir='ltr'>βαλεῖν</span> <span class='ocrx_word' id='word_1_554' title='bbox 187 4052 272 4112; x_wconf 79' lang='grc' dir='ltr'>αὐτόν</span> <span class='ocrx_word' id='word_1_555' title='bbox 283 4076 351 4134; x_wconf 87' lang='grc' dir='ltr'>φημι</span> <span class='ocrx_word' id='word_1_556' title='bbox 359 4052 404 4112; x_wconf 81' lang='grc' dir='ltr'>τὸν</span> <span class='ocrx_word' id='word_1_557' title='bbox 412 4054 512 4130; x_wconf 82' lang='grc' dir='ltr'>παῖδα,</span> <span class='ocrx_word' id='word_1_558' title='bbox 523 4053 582 4112; x_wconf 74' lang='grc' dir='ltr'>ἀλλ’</span> <span class='ocrx_word' id='word_1_559' title='bbox 594 4051 645 4110; x_wconf 72' lang='lat' dir='ltr'>iuro</span> <span class='ocrx_word' id='word_1_560' title='bbox 653 4052 700 4123; x_wconf 70' lang='grc' dir='ltr'>τὴν</span> <span class='ocrx_word' id='word_1_561' title='bbox 709 4049 813 4127; x_wconf 81' lang='grc' dir='ltr'>πληγὴν</span> <span class='ocrx_word' id='word_1_562' title='bbox 823 4056 869 4110; x_wconf 77' lang='grc' dir='ltr'>τοῦ</span> <span class='ocrx_word' id='word_1_563' title='bbox 913 4077 966 4114; x_wconf 79' lang='lat' dir='ltr'>rum</span> <span class='ocrx_word' id='word_1_564' title='bbox 974 4063 1083 4125; x_wconf 75' lang='lat' dir='ltr'>jaculum</span> <span class='ocrx_word' id='word_1_565' title='bbox 1092 4062 1237 4128; x_wconf 81' lang='lat' dir='ltr'>expediisse,</span> <span class='ocrx_word' id='word_1_566' title='bbox 1247 4074 1307 4123; x_wconf 84' lang='lat' dir='ltr'>nego</span> <span class='ocrx_word' id='word_1_567' title='bbox 1315 4072 1454 4123; x_wconf 72' lang='lat' dir='ltr'>quenquam</span> <span class='ocrx_word' id='word_1_568' title='bbox 1465 4058 1495 4106; x_wconf 89' lang='lat' dir='ltr'>ah</span> <span class='ocrx_word' id='word_1_569' title='bbox 1506 4071 1536 4105; x_wconf 89' lang='lat' dir='ltr'>eo</span> <span class='ocrx_word' id='word_1_570' title='bbox 1543 4058 1618 4105; x_wconf 80' lang='lat' dir='ltr'>ictum</span> <span class='ocrx_word' id='word_1_571' title='bbox 1628 4069 1691 4115; x_wconf 80' lang='lat' dir='ltr'>esse3</span> 
     </span>
     <span class='ocr_line' id='line_1_40' title="bbox 59 4139 1692 4234; baseline -0.006 -34"><span class='ocrx_word' id='word_1_572' title='bbox 59 4152 81 4190; x_wconf 61' lang='grc' dir='ltr'>ὓ)</span> <span class='ocrx_word' id='word_1_573' title='bbox 92 4140 205 4199; x_wconf 63' lang='lat' dir='ltr'>henim</span> <span class='ocrx_word' id='word_1_574' title='bbox 227 4140 374 4199; x_wconf 73' lang='grc' dir='ltr'>ὑπελθόντα</span> <span class='ocrx_word' id='word_1_575' title='bbox 387 4142 437 4219; x_wconf 78' lang='grc' dir='ltr'>οὐχ</span> <span class='ocrx_word' id='word_1_576' title='bbox 450 4139 501 4198; x_wconf 76' lang='grc' dir='ltr'>ὑπὸ</span> <span class='ocrx_word' id='word_1_577' title='bbox 515 4145 561 4199; x_wconf 65' lang='grc' dir='ltr'><strong>ταῖ</strong></span> <span class='ocrx_word' id='word_1_578' title='bbox 580 4139 730 4221; x_wconf 86' lang='grc' dir='ltr'>μειρακίου,</span> <span class='ocrx_word' id='word_1_579' title='bbox 745 4141 803 4196; x_wconf 75' lang='grc' dir='ltr'>ἀλλ’</span> <span class='ocrx_word' id='word_1_580' title='bbox 825 4142 868 4220; x_wconf 73' lang='grc' dir='ltr'>ὑφ’</span> <span class='ocrx_word' id='word_1_581' title='bbox 912 4152 1094 4211; x_wconf 72' lang='lat' dir='ltr'>verumtamen,</span> <span class='ocrx_word' id='word_1_582' title='bbox 1106 4163 1136 4197; x_wconf 89' lang='lat' dir='ltr'>eo</span> <span class='ocrx_word' id='word_1_583' title='bbox 1146 4147 1212 4210; x_wconf 90' lang='lat' dir='ltr'>quod</span> <span class='ocrx_word' id='word_1_584' title='bbox 1221 4146 1325 4197; x_wconf 88' lang='lat' dir='ltr'>venienti</span> <span class='ocrx_word' id='word_1_585' title='bbox 1336 4146 1385 4195; x_wconf 89' lang='lat' dir='ltr'>telo</span> <span class='ocrx_word' id='word_1_586' title='bbox 1398 4158 1424 4194; x_wconf 90' lang='lat' dir='ltr'>se</span> <span class='ocrx_word' id='word_1_587' title='bbox 1433 4143 1586 4234; x_wconf 44' lang='lat' dir='ltr'>objecitquio</span> <span class='ocrx_word' id='word_1_588' title='bbox 1598 4143 1667 4191; x_wconf 89' lang='lat' dir='ltr'>ilium</span> <span class='ocrx_word' id='word_1_589' title='bbox 1678 4156 1692 4190; x_wconf 85' lang='lat' dir='ltr'>a</span> 
     </span>
     <span class='ocr_line' id='line_1_41' title="bbox 90 4225 1692 4309; baseline -0.006 -23"><span class='ocrx_word' id='word_1_590' title='bbox 90 4226 176 4286; x_wconf 76' lang='grc' dir='ltr'>ίαστῶ</span> <span class='ocrx_word' id='word_1_591' title='bbox 186 4230 375 4308; x_wconf 69' lang='grc' dir='ltr'>διαφθαρῆναι·</span> <span class='ocrx_word' id='word_1_592' title='bbox 387 4226 474 4309; x_wconf 81' lang='grc' dir='ltr'>οὔγδρ</span> <span class='ocrx_word' id='word_1_593' title='bbox 485 4227 630 4309; x_wconf 76' lang='grc' dir='ltr'>ότρεμίζων</span> <span class='ocrx_word' id='word_1_594' title='bbox 640 4226 762 4286; x_wconf 77' lang='grc' dir='ltr'>ἀπέθανε.</span> <span class='ocrx_word' id='word_1_595' title='bbox 773 4228 830 4296; x_wconf 77' lang='grc' dir='ltr'>Τῆς</span> <span class='ocrx_word' id='word_1_596' title='bbox 841 4225 869 4285; x_wconf 79' lang='lat' dir='ltr'>it</span> <span class='ocrx_word' id='word_1_597' title='bbox 912 4239 989 4287; x_wconf 86' lang='lat' dir='ltr'>semet</span> <span class='ocrx_word' id='word_1_598' title='bbox 996 4237 1141 4299; x_wconf 88' lang='lat' dir='ltr'>ipso,noua</span> <span class='ocrx_word' id='word_1_599' title='bbox 1152 4234 1277 4294; x_wconf 79' lang='lat' dir='ltr'>fidemne,</span> <span class='ocrx_word' id='word_1_600' title='bbox 1291 4245 1342 4283; x_wconf 84' lang='lat' dir='ltr'>esse</span> <span class='ocrx_word' id='word_1_601' title='bbox 1350 4233 1501 4294; x_wconf 86' lang='lat' dir='ltr'>peremptum</span> <span class='ocrx_word' id='word_1_602' title='bbox 1512 4248 1518 4279; x_wconf 74' lang='grc' dir='ltr'>ε</span> <span class='ocrx_word' id='word_1_603' title='bbox 1528 4242 1585 4277; x_wconf 88' lang='lat' dir='ltr'>nam</span> <span class='ocrx_word' id='word_1_604' title='bbox 1593 4229 1612 4278; x_wconf 91' lang='lat' dir='ltr'>si</span> <span class='ocrx_word' id='word_1_605' title='bbox 1621 4229 1692 4290; x_wconf 85' lang='lat' dir='ltr'>quie·</span> 
     </span>
     <span class='ocr_line' id='line_1_42' title="bbox 91 4312 1691 4393; baseline -0.006 -19"><span class='ocrx_word' id='word_1_606' title='bbox 91 4312 229 4392; x_wconf 78' lang='grc' dir='ltr'>διαδρομῆς</span> <span class='ocrx_word' id='word_1_607' title='bbox 251 4313 337 4381; x_wconf 76' lang='grc' dir='ltr'>αἰτίας</span> <span class='ocrx_word' id='word_1_608' title='bbox 355 4314 453 4387; x_wconf 74' lang='grc' dir='ltr'>ταύτης</span> <span class='ocrx_word' id='word_1_609' title='bbox 473 4312 625 4393; x_wconf 79' lang='grc' dir='ltr'>γινομένης,</span> <span class='ocrx_word' id='word_1_610' title='bbox 646 4315 668 4371; x_wconf 80' lang='grc' dir='ltr'>εί</span> <span class='ocrx_word' id='word_1_611' title='bbox 689 4312 736 4390; x_wconf 74' lang='grc' dir='ltr'>μέν</span> <span class='ocrx_word' id='word_1_612' title='bbox 757 4312 808 4371; x_wconf 81' lang='grc' dir='ltr'>θπδ</span> <span class='ocrx_word' id='word_1_613' title='bbox 823 4319 868 4372; x_wconf 76' lang='grc' dir='ltr'>τοῦ</span> <span class='ocrx_word' id='word_1_614' title='bbox 913 4326 955 4374; x_wconf 87' lang='lat' dir='ltr'>tus</span> <span class='ocrx_word' id='word_1_615' title='bbox 970 4323 1127 4383; x_wconf 80' lang='lat' dir='ltr'>mustitisset,</span> <span class='ocrx_word' id='word_1_616' title='bbox 1139 4322 1199 4372; x_wconf 86' lang='lat' dir='ltr'>toret</span> <span class='ocrx_word' id='word_1_617' title='bbox 1216 4321 1287 4384; x_wconf 85' lang='lat' dir='ltr'>eulpa</span> <span class='ocrx_word' id='word_1_618' title='bbox 1302 4319 1368 4369; x_wconf 82' lang='lat' dir='ltr'>necis</span> <span class='ocrx_word' id='word_1_619' title='bbox 1382 4317 1407 4366; x_wconf 88' lang='lat' dir='ltr'>in</span> <span class='ocrx_word' id='word_1_620' title='bbox 1416 4316 1575 4380; x_wconf 76' lang='lat' dir='ltr'>predotribam</span> <span class='ocrx_word' id='word_1_621' title='bbox 1588 4315 1691 4365; x_wconf 73' lang='lat' dir='ltr'>transie-</span> 
     </span>
     <span class='ocr_line' id='line_1_43' title="bbox 90 4396 1691 4481; baseline -0.001 -27"><span class='ocrx_word' id='word_1_622' title='bbox 90 4398 260 4480; x_wconf 76' lang='grc' dir='ltr'>παιδοτρίθον</span> <span class='ocrx_word' id='word_1_623' title='bbox 278 4398 437 4477; x_wconf 81' lang='grc' dir='ltr'>καλούμενος</span> <span class='ocrx_word' id='word_1_624' title='bbox 456 4399 594 4481; x_wconf 60' lang='grc' dir='ltr'>διέφερεν,</span> <span class='ocrx_word' id='word_1_625' title='bbox 614 4404 629 4457; x_wconf 82' lang='grc' dir='ltr'>ὁ</span> <span class='ocrx_word' id='word_1_626' title='bbox 648 4397 817 4479; x_wconf 77' lang='grc' dir='ltr'>παιδοτρίθης</span> <span class='ocrx_word' id='word_1_627' title='bbox 837 4396 869 4457; x_wconf 77' lang='grc' dir='ltr'>δν</span> <span class='ocrx_word' id='word_1_628' title='bbox 913 4410 1032 4471; x_wconf 81' lang='lat' dir='ltr'>reuda‚si</span> <span class='ocrx_word' id='word_1_629' title='bbox 1045 4407 1184 4459; x_wconf 71' lang='lat' dir='ltr'>invocando</span> <span class='ocrx_word' id='word_1_630' title='bbox 1195 4420 1297 4472; x_wconf 89' lang='lat' dir='ltr'>puerum</span> <span class='ocrx_word' id='word_1_631' title='bbox 1309 4406 1340 4456; x_wconf 88' lang='lat' dir='ltr'>ad</span> <span class='ocrx_word' id='word_1_632' title='bbox 1357 4403 1540 4454; x_wconf 86' lang='lat' dir='ltr'>discurrendum</span> <span class='ocrx_word' id='word_1_633' title='bbox 1556 4402 1691 4461; x_wconf 86' lang='lat' dir='ltr'>invitasset;</span> 
     </span>
     <span class='ocr_line' id='line_1_44' title="bbox 90 4484 1692 4567; baseline -0.002 -24"><span class='ocrx_word' id='word_1_634' title='bbox 90 4485 246 4553; x_wconf 71' lang='grc' dir='ltr'>ἀποκτείνας</span> <span class='ocrx_word' id='word_1_635' title='bbox 264 4484 341 4544; x_wconf 80' lang='grc' dir='ltr'>αὗτδν</span> <span class='ocrx_word' id='word_1_636' title='bbox 357 4486 413 4558; x_wconf 88' lang='grc' dir='ltr'>είη,</span> <span class='ocrx_word' id='word_1_637' title='bbox 429 4489 452 4544; x_wconf 88' lang='grc' dir='ltr'>εί</span> <span class='ocrx_word' id='word_1_638' title='bbox 465 4487 487 4545; x_wconf 86' lang='grc' dir='ltr'>δ’</span> <span class='ocrx_word' id='word_1_639' title='bbox 501 4491 545 4567; x_wconf 77' lang='grc' dir='ltr'>ὑφ’</span> <span class='ocrx_word' id='word_1_640' title='bbox 557 4490 649 4545; x_wconf 76' lang='grc' dir='ltr'>ίαυτοῦ</span> <span class='ocrx_word' id='word_1_641' title='bbox 661 4485 772 4553; x_wconf 82' lang='grc' dir='ltr'>πεισθείς</span> <span class='ocrx_word' id='word_1_642' title='bbox 785 4488 870 4558; x_wconf 80' lang='grc' dir='ltr'>ὓπῆλ·</span> <span class='ocrx_word' id='word_1_643' title='bbox 913 4510 998 4549; x_wconf 89' lang='lat' dir='ltr'>verum</span> <span class='ocrx_word' id='word_1_644' title='bbox 1013 4511 1082 4560; x_wconf 83' lang='lat' dir='ltr'>puer,</span> <span class='ocrx_word' id='word_1_645' title='bbox 1094 4509 1109 4547; x_wconf 82' lang='grc' dir='ltr'>ε</span> <span class='ocrx_word' id='word_1_646' title='bbox 1121 4509 1147 4545; x_wconf 88' lang='lat' dir='ltr'>se</span> <span class='ocrx_word' id='word_1_647' title='bbox 1162 4496 1213 4558; x_wconf 87' lang='lat' dir='ltr'>ipso</span> <span class='ocrx_word' id='word_1_648' title='bbox 1228 4494 1346 4557; x_wconf 85' lang='lat' dir='ltr'>impulsus</span> <span class='ocrx_word' id='word_1_649' title='bbox 1358 4494 1464 4544; x_wconf 82' lang='lat' dir='ltr'>occurrit</span> <span class='ocrx_word' id='word_1_650' title='bbox 1475 4492 1538 4551; x_wconf 88' lang='lat' dir='ltr'>teio;</span> <span class='ocrx_word' id='word_1_651' title='bbox 1548 4493 1692 4553; x_wconf 90' lang='lat' dir='ltr'>quapropter</span> 
     </span>
     <span class='ocr_line' id='line_1_45' title="bbox 90 4571 1691 4655; baseline -0.001 -25"><span class='ocrx_word' id='word_1_652' title='bbox 90 4574 279 4653; x_wconf 67' lang='grc' dir='ltr'>θεηαθτδςόφ</span> <span class='ocrx_word' id='word_1_653' title='bbox 291 4575 385 4631; x_wconf 71' lang='grc' dir='ltr'>ἑαυτοῦ</span> <span class='ocrx_word' id='word_1_654' title='bbox 397 4573 557 4655; x_wconf 84' lang='grc' dir='ltr'>διέφθαρται.</span> <span class='ocrx_word' id='word_1_655' title='bbox 579 4572 611 4653; x_wconf 86' lang='lat' dir='ltr'>(s)</span> <span class='ocrx_word' id='word_1_656' title='bbox 625 4571 706 4634; x_wconf 78' lang='grc' dir='ltr'>Θελω</span> <span class='ocrx_word' id='word_1_657' title='bbox 719 4573 747 4631; x_wconf 79' lang='grc' dir='ltr'>δὲ</span> <span class='ocrx_word' id='word_1_658' title='bbox 759 4572 796 4649; x_wconf 79' lang='grc' dir='ltr'>μὴ</span> <span class='ocrx_word' id='word_1_659' title='bbox 805 4572 870 4653; x_wconf 86' lang='grc' dir='ltr'>πρό·</span> <span class='ocrx_word' id='word_1_660' title='bbox 913 4586 963 4648; x_wconf 87' lang='lat' dir='ltr'>ipse</span> <span class='ocrx_word' id='word_1_661' title='bbox 978 4585 1138 4635; x_wconf 84' lang='lat' dir='ltr'>sesnstuiisse</span> <span class='ocrx_word' id='word_1_662' title='bbox 1153 4581 1269 4632; x_wconf 79' lang='lat' dir='ltr'>dicendus</span> <span class='ocrx_word' id='word_1_663' title='bbox 1289 4583 1335 4631; x_wconf 80' lang='lat' dir='ltr'>est</span> <span class='ocrx_word' id='word_1_664' title='bbox 1383 4580 1416 4642; x_wconf 74' lang='grc' dir='ltr'>(ο)</span> <span class='ocrx_word' id='word_1_665' title='bbox 1430 4579 1491 4635; x_wconf 79' lang='lat' dir='ltr'>ltoio</span> <span class='ocrx_word' id='word_1_666' title='bbox 1505 4577 1535 4627; x_wconf 88' lang='lat' dir='ltr'>ad</span> <span class='ocrx_word' id='word_1_667' title='bbox 1553 4578 1599 4627; x_wconf 84' lang='lat' dir='ltr'>alia</span> <span class='ocrx_word' id='word_1_668' title='bbox 1612 4580 1691 4628; x_wconf 81' lang='lat' dir='ltr'>traus-</span> 
     </span>
     <span class='ocr_line' id='line_1_46' title="bbox 57 4658 1691 4740; baseline -0.002 -22"><span class='ocrx_word' id='word_1_669' title='bbox 57 4680 78 4718; x_wconf 75' lang='grc' dir='ltr'>τι</span> <span class='ocrx_word' id='word_1_670' title='bbox 88 4681 158 4739; x_wconf 83' lang='grc' dir='ltr'>τερον</span> <span class='ocrx_word' id='word_1_671' title='bbox 173 4661 217 4719; x_wconf 74' lang='grc' dir='ltr'>ἐπ’</span> <span class='ocrx_word' id='word_1_672' title='bbox 230 4660 312 4718; x_wconf 74' lang='grc' dir='ltr'>ἄλλον</span> <span class='ocrx_word' id='word_1_673' title='bbox 324 4659 400 4738; x_wconf 84' lang='grc' dir='ltr'>λόγον</span> <span class='ocrx_word' id='word_1_674' title='bbox 412 4664 527 4739; x_wconf 77' lang='grc' dir='ltr'>όρμῆσαι</span> <span class='ocrx_word' id='word_1_675' title='bbox 540 4660 558 4732; x_wconf 78' lang='grc' dir='ltr'>ἢ</span> <span class='ocrx_word' id='word_1_676' title='bbox 570 4662 600 4719; x_wconf 88' lang='grc' dir='ltr'>τδ</span> <span class='ocrx_word' id='word_1_677' title='bbox 616 4660 690 4740; x_wconf 77' lang='grc' dir='ltr'>ἔργον</span> <span class='ocrx_word' id='word_1_678' title='bbox 704 4658 742 4718; x_wconf 85' lang='grc' dir='ltr'>ίτι</span> <span class='ocrx_word' id='word_1_679' title='bbox 753 4659 869 4739; x_wconf 77' lang='grc' dir='ltr'>φανεροί·</span> <span class='ocrx_word' id='word_1_680' title='bbox 913 4673 961 4735; x_wconf 83' lang='lat' dir='ltr'>ire,</span> <span class='ocrx_word' id='word_1_681' title='bbox 992 4673 1132 4735; x_wconf 82' lang='lat' dir='ltr'>priusquam</span> <span class='ocrx_word' id='word_1_682' title='bbox 1165 4669 1245 4719; x_wconf 83' lang='lat' dir='ltr'>sdhue</span> <span class='ocrx_word' id='word_1_683' title='bbox 1279 4667 1393 4731; x_wconf 83' lang='lat' dir='ltr'>liquidius</span> <span class='ocrx_word' id='word_1_684' title='bbox 1420 4679 1560 4729; x_wconf 75' lang='lat' dir='ltr'>exuissem,</span> <span class='ocrx_word' id='word_1_685' title='bbox 1588 4666 1691 4716; x_wconf 85' lang='lat' dir='ltr'>utrinam</span> 
     </span>
     <span class='ocr_line' id='line_1_47' title="bbox 87 4743 1691 4827; baseline -0.002 -22"><span class='ocrx_word' id='word_1_686' title='bbox 87 4766 157 4825; x_wconf 76' lang='grc' dir='ltr'>τερον</span> <span class='ocrx_word' id='word_1_687' title='bbox 167 4751 352 4820; x_wconf 79' lang='grc' dir='ltr'>καταστῆσαι,</span> <span class='ocrx_word' id='word_1_688' title='bbox 364 4746 488 4827; x_wconf 83' lang='grc' dir='ltr'>ὁποτέρου</span> <span class='ocrx_word' id='word_1_689' title='bbox 498 4750 582 4807; x_wconf 77' lang='grc' dir='ltr'>αὐτῶν</span> <span class='ocrx_word' id='word_1_690' title='bbox 593 4747 658 4808; x_wconf 78' lang='grc' dir='ltr'>ἐστί.</span> <span class='ocrx_word' id='word_1_691' title='bbox 669 4746 710 4808; x_wconf 79' lang='grc' dir='ltr'>Τὸ</span> <span class='ocrx_word' id='word_1_692' title='bbox 722 4743 769 4823; x_wconf 76' lang='grc' dir='ltr'>μέν</span> <span class='ocrx_word' id='word_1_693' title='bbox 779 4746 870 4827; x_wconf 85' lang='grc' dir='ltr'>μειρσί·</span> <span class='ocrx_word' id='word_1_694' title='bbox 913 4773 983 4810; x_wconf 85' lang='lat' dir='ltr'>easus</span> <span class='ocrx_word' id='word_1_695' title='bbox 1006 4760 1045 4808; x_wconf 80' lang='lat' dir='ltr'>iiio</span> <span class='ocrx_word' id='word_1_696' title='bbox 1064 4759 1096 4809; x_wconf 89' lang='lat' dir='ltr'>sit</span> <span class='ocrx_word' id='word_1_697' title='bbox 1119 4756 1283 4820; x_wconf 88' lang='lat' dir='ltr'>imputandus.</span> <span class='ocrx_word' id='word_1_698' title='bbox 1331 4754 1405 4805; x_wconf 74' lang='lat' dir='ltr'>Pilius</span> <span class='ocrx_word' id='word_1_699' title='bbox 1425 4766 1494 4803; x_wconf 89' lang='lat' dir='ltr'>meus</span> <span class='ocrx_word' id='word_1_700' title='bbox 1519 4753 1594 4801; x_wconf 85' lang='lat' dir='ltr'>nihilo</span> <span class='ocrx_word' id='word_1_701' title='bbox 1617 4754 1691 4815; x_wconf 77' lang='lat' dir='ltr'>magis</span> 
     </span>
     <span class='ocr_line' id='line_1_48' title="bbox 87 4831 1691 4909; baseline 0 -20"><span class='ocrx_word' id='word_1_702' title='bbox 87 4831 258 4899; x_wconf 83' lang='grc' dir='ltr'>κιονοθδενδς</span> <span class='ocrx_word' id='word_1_703' title='bbox 271 4834 372 4909; x_wconf 69' lang='grc' dir='ltr'>μᾶλλον</span> <span class='ocrx_word' id='word_1_704' title='bbox 385 4835 437 4891; x_wconf 81' lang='grc' dir='ltr'>τῶν</span> <span class='ocrx_word' id='word_1_705' title='bbox 451 4832 737 4909; x_wconf 79' lang='grc' dir='ltr'>συμμιλετώντωνέστί</span> <span class='ocrx_word' id='word_1_706' title='bbox 752 4838 797 4891; x_wconf 79' lang='grc' dir='ltr'>τοῦ</span> <span class='ocrx_word' id='word_1_707' title='bbox 809 4856 870 4892; x_wconf 83' lang='grc' dir='ltr'>σκο-</span> <span class='ocrx_word' id='word_1_708' title='bbox 914 4860 988 4909; x_wconf 87' lang='lat' dir='ltr'>quam</span> <span class='ocrx_word' id='word_1_709' title='bbox 1006 4845 1064 4895; x_wconf 88' lang='lat' dir='ltr'>soeii</span> <span class='ocrx_word' id='word_1_710' title='bbox 1086 4844 1139 4906; x_wconf 77' lang='lat' dir='ltr'>eius</span> <span class='ocrx_word' id='word_1_711' title='bbox 1158 4857 1173 4892; x_wconf 84' lang='lat' dir='ltr'>s</span> <span class='ocrx_word' id='word_1_712' title='bbox 1190 4845 1254 4893; x_wconf 88' lang='lat' dir='ltr'>meta</span> <span class='ocrx_word' id='word_1_713' title='bbox 1275 4842 1409 4903; x_wconf 84' lang='lat' dir='ltr'>aberravit,</span> <span class='ocrx_word' id='word_1_714' title='bbox 1427 4853 1505 4903; x_wconf 87' lang='lat' dir='ltr'>neque</span> <span class='ocrx_word' id='word_1_715' title='bbox 1522 4853 1565 4903; x_wconf 84' lang='lat' dir='ltr'>per</span> <span class='ocrx_word' id='word_1_716' title='bbox 1586 4854 1691 4890; x_wconf 88' lang='lat' dir='ltr'>errorem</span> 
     </span>
     <span class='ocr_line' id='line_1_49' title="bbox 86 4918 1691 4999; baseline -0.001 -23"><span class='ocrx_word' id='word_1_717' title='bbox 86 4923 133 4976; x_wconf 68' lang='lat' dir='ltr'>mi</span> <span class='ocrx_word' id='word_1_718' title='bbox 144 4920 279 4999; x_wconf 69' lang='grc' dir='ltr'>ἁμαρτόν,</span> <span class='ocrx_word' id='word_1_719' title='bbox 292 4920 351 4979; x_wconf 77' lang='grc' dir='ltr'>οὐδὲ</span> <span class='ocrx_word' id='word_1_720' title='bbox 362 4923 413 4979; x_wconf 79' lang='grc' dir='ltr'>τῶν</span> <span class='ocrx_word' id='word_1_721' title='bbox 425 4918 635 4997; x_wconf 72' lang='grc' dir='ltr'>ἐπικαλουμένων</span> <span class='ocrx_word' id='word_1_722' title='bbox 646 4944 671 4979; x_wconf 90' lang='grc' dir='ltr'>τι</span> <span class='ocrx_word' id='word_1_723' title='bbox 682 4919 725 4979; x_wconf 83' lang='grc' dir='ltr'>διδ</span> <span class='ocrx_word' id='word_1_724' title='bbox 734 4918 782 4992; x_wconf 68' lang='grc' dir='ltr'>τὴν</span> <span class='ocrx_word' id='word_1_725' title='bbox 791 4924 870 4980; x_wconf 78' lang='grc' dir='ltr'>αὑτοῦ</span> <span class='ocrx_word' id='word_1_726' title='bbox 913 4933 1045 4995; x_wconf 85' lang='lat' dir='ltr'>quicquam</span> <span class='ocrx_word' id='word_1_727' title='bbox 1056 4944 1142 4980; x_wconf 86' lang='lat' dir='ltr'>eorum</span> <span class='ocrx_word' id='word_1_728' title='bbox 1151 4930 1207 4979; x_wconf 85' lang='lat' dir='ltr'>iecit</span> <span class='ocrx_word' id='word_1_729' title='bbox 1216 4942 1321 4992; x_wconf 87' lang='lat' dir='ltr'>quorum</span> <span class='ocrx_word' id='word_1_730' title='bbox 1330 4929 1468 4979; x_wconf 80' lang='lat' dir='ltr'>incusetur:</span> <span class='ocrx_word' id='word_1_731' title='bbox 1482 4941 1542 4990; x_wconf 88' lang='lat' dir='ltr'>puer</span> <span class='ocrx_word' id='word_1_732' title='bbox 1553 4930 1691 4978; x_wconf 88' lang='lat' dir='ltr'>autemnon</span> 
     </span>
     <span class='ocr_line' id='line_1_50' title="bbox 86 5004 1691 5087; baseline 0.001 -27"><span class='ocrx_word' id='word_1_733' title='bbox 86 5004 224 5085; x_wconf 81' lang='grc' dir='ltr'>ίμαρτίαν</span> <span class='ocrx_word' id='word_1_734' title='bbox 238 5006 371 5087; x_wconf 85' lang='grc' dir='ltr'>δέδρακεν·</span> <span class='ocrx_word' id='word_1_735' title='bbox 385 5006 439 5066; x_wconf 78' lang='grc' dir='ltr'>ὁδί</span> <span class='ocrx_word' id='word_1_736' title='bbox 452 5016 513 5073; x_wconf 85' lang='grc' dir='ltr'>παῖς</span> <span class='ocrx_word' id='word_1_737' title='bbox 522 5010 552 5067; x_wconf 77' lang='grc' dir='ltr'>οὔ</span> <span class='ocrx_word' id='word_1_738' title='bbox 562 5007 646 5067; x_wconf 75' lang='grc' dir='ltr'>ταύτὰ</span> <span class='ocrx_word' id='word_1_739' title='bbox 657 5016 710 5074; x_wconf 86' lang='grc' dir='ltr'>τοῖς</span> <span class='ocrx_word' id='word_1_740' title='bbox 721 5008 870 5084; x_wconf 83' lang='grc' dir='ltr'>συνθεωμέ-</span> <span class='ocrx_word' id='word_1_741' title='bbox 914 5024 1012 5069; x_wconf 83' lang='lat' dir='ltr'>secutus</span> <span class='ocrx_word' id='word_1_742' title='bbox 1031 5018 1168 5080; x_wconf 77' lang='lat' dir='ltr'>exemptum</span> <span class='ocrx_word' id='word_1_743' title='bbox 1188 5017 1335 5078; x_wconf 85' lang='lat' dir='ltr'>reliquorum</span> <span class='ocrx_word' id='word_1_744' title='bbox 1355 5018 1533 5079; x_wconf 86' lang='lat' dir='ltr'>spectatorum,</span> <span class='ocrx_word' id='word_1_745' title='bbox 1550 5014 1646 5064; x_wconf 83' lang='lat' dir='ltr'>obviam</span> <span class='ocrx_word' id='word_1_746' title='bbox 1666 5028 1691 5061; x_wconf 81' lang='lat' dir='ltr'>se</span> 
     </span>
     <span class='ocr_line' id='line_1_51' title="bbox 85 5093 1690 5174; baseline -0.002 -24"><span class='ocrx_word' id='word_1_747' title='bbox 85 5114 134 5159; x_wconf 90' lang='grc' dir='ltr'>νοις</span> <span class='ocrx_word' id='word_1_748' title='bbox 146 5095 231 5174; x_wconf 79' lang='grc' dir='ltr'>δρῶν,</span> <span class='ocrx_word' id='word_1_749' title='bbox 240 5093 299 5152; x_wconf 80' lang='grc' dir='ltr'>ἄλλ’</span> <span class='ocrx_word' id='word_1_750' title='bbox 312 5096 348 5161; x_wconf 83' lang='grc' dir='ltr'>είς</span> <span class='ocrx_word' id='word_1_751' title='bbox 361 5093 409 5165; x_wconf 68' lang='grc' dir='ltr'>τὴν</span> <span class='ocrx_word' id='word_1_752' title='bbox 420 5095 478 5154; x_wconf 84' lang='grc' dir='ltr'>θδδν</span> <span class='ocrx_word' id='word_1_753' title='bbox 491 5100 536 5153; x_wconf 78' lang='grc' dir='ltr'>τοῦ</span> <span class='ocrx_word' id='word_1_754' title='bbox 549 5095 667 5171; x_wconf 80' lang='grc' dir='ltr'>ἀκοντίοο</span> <span class='ocrx_word' id='word_1_755' title='bbox 681 5094 807 5167; x_wconf 79' lang='grc' dir='ltr'>ὑπελθών,</span> <span class='ocrx_word' id='word_1_756' title='bbox 821 5119 870 5153; x_wconf 86' lang='grc' dir='ltr'>σα·</span> <span class='ocrx_word' id='word_1_757' title='bbox 914 5107 968 5158; x_wconf 67' lang='lat' dir='ltr'>teto,</span> <span class='ocrx_word' id='word_1_758' title='bbox 983 5106 1061 5165; x_wconf 85' lang='lat' dir='ltr'>dedit;</span> <span class='ocrx_word' id='word_1_759' title='bbox 1083 5104 1147 5154; x_wconf 90' lang='lat' dir='ltr'>unde</span> <span class='ocrx_word' id='word_1_760' title='bbox 1165 5106 1231 5166; x_wconf 86' lang='lat' dir='ltr'>putet</span> <span class='ocrx_word' id='word_1_761' title='bbox 1248 5117 1305 5152; x_wconf 89' lang='lat' dir='ltr'>eum</span> <span class='ocrx_word' id='word_1_762' title='bbox 1319 5116 1362 5166; x_wconf 89' lang='lat' dir='ltr'>per</span> <span class='ocrx_word' id='word_1_763' title='bbox 1378 5116 1447 5152; x_wconf 82' lang='lat' dir='ltr'>suam</span> <span class='ocrx_word' id='word_1_764' title='bbox 1465 5102 1539 5165; x_wconf 85' lang='lat' dir='ltr'>ipsius</span> <span class='ocrx_word' id='word_1_765' title='bbox 1554 5101 1648 5155; x_wconf 67' lang='lat' dir='ltr'>eutium</span> <span class='ocrx_word' id='word_1_766' title='bbox 1667 5101 1690 5147; x_wconf 87' lang='lat' dir='ltr'>iu</span> 
     </span>
     <span class='ocr_line' id='line_1_52' title="bbox 84 5181 1688 5263; baseline -0.002 -25"><span class='ocrx_word' id='word_1_767' title='bbox 84 5181 137 5255; x_wconf 80' lang='grc' dir='ltr'>φῶς</span> <span class='ocrx_word' id='word_1_768' title='bbox 152 5182 283 5252; x_wconf 78' lang='grc' dir='ltr'>δηλοῦται</span> <span class='ocrx_word' id='word_1_769' title='bbox 295 5181 369 5261; x_wconf 72' lang='grc' dir='ltr'>παρὰ</span> <span class='ocrx_word' id='word_1_770' title='bbox 383 5182 431 5255; x_wconf 66' lang='grc' dir='ltr'>τὴν</span> <span class='ocrx_word' id='word_1_771' title='bbox 448 5185 526 5241; x_wconf 75' lang='grc' dir='ltr'>αὑτοῦ</span> <span class='ocrx_word' id='word_1_772' title='bbox 533 5182 668 5263; x_wconf 65' lang='grc' dir='ltr'>ἁμαρτίαν</span> <span class='ocrx_word' id='word_1_773' title='bbox 679 5182 870 5262; x_wconf 81' lang='grc' dir='ltr'>περισσοτέρως</span> <span class='ocrx_word' id='word_1_774' title='bbox 915 5193 1005 5243; x_wconf 86' lang='lat' dir='ltr'>malum</span> <span class='ocrx_word' id='word_1_775' title='bbox 1022 5192 1144 5251; x_wconf 80' lang='lat' dir='ltr'>inuidisse,</span> <span class='ocrx_word' id='word_1_776' title='bbox 1163 5190 1227 5253; x_wconf 89' lang='lat' dir='ltr'>quod</span> <span class='ocrx_word' id='word_1_777' title='bbox 1246 5190 1276 5239; x_wconf 84' lang='lat' dir='ltr'>ad</span> <span class='ocrx_word' id='word_1_778' title='bbox 1298 5190 1378 5253; x_wconf 86' lang='lat' dir='ltr'>quiete</span> <span class='ocrx_word' id='word_1_779' title='bbox 1396 5192 1487 5239; x_wconf 76' lang='lat' dir='ltr'>stantes</span> <span class='ocrx_word' id='word_1_780' title='bbox 1502 5200 1550 5237; x_wconf 89' lang='lat' dir='ltr'>nou</span> <span class='ocrx_word' id='word_1_781' title='bbox 1565 5186 1688 5250; x_wconf 80' lang='lat' dir='ltr'>pertinuit.</span> 
     </span>
     <span class='ocr_line' id='line_1_53' title="bbox 195 5289 1569 5331; baseline -0.001 -2"><span class='ocrx_word' id='word_1_782' title='bbox 195 5292 326 5331; x_wconf 74' lang='lat' dir='ltr'>onerosus.</span> <span class='ocrx_word' id='word_1_783' title='bbox 1555 5289 1569 5328; x_wconf 82' lang='grc' dir='ltr'>ι</span> 
     </span>
    </p>
   </div>
   <div class='ocr_carea' id='block_1_6' title="bbox 0 0 1938 5917">
    <p class='ocr_par' dir='ltr' id='par_1_8' title="bbox 0 0 1938 5917">
     <span class='ocr_line' id='line_1_54' title="bbox 0 0 1938 5917; baseline 0 0"><span class='ocrx_word' id='word_1_784' title='bbox 0 0 1938 5917; x_wconf 95' lang='lat' dir='ltr'> </span> 
     </span>
    </p>
   </div>
  </div>
 </body>
</html>
