3867 5917
168 519 176 529 γ
237 438 272 490 ιι
692 440 696 445 ·
759 425 1012 486 anrrounror
1032 424 1194 487 rerum.
1217 428 1254 496 s,
1278 431 1303 503 i·
1347 424 1348 429 ‘
1684 429 1823 502 (ιω-ω)

231 553 335 631 καὶμὴ
357 552 465 630 ἀληθείφ
486 550 533 622 τὴν
548 551 633 631 κρίσιν
648 549 861 621 nocivarum-q
888 550 935 625 μὲν
952 550 1003 630 γάρ
1050 572 1105 607 nam
1114 562 1219 622 opinatio
1230 560 1327 622 quidem
1338 572 1417 609 rerum
1426 560 1545 622 gestamur
1562 560 1667 609 usundn
1678 561 1708 610 iis
1723 564 1774 622 eat,
1787 563 1827 625 qui

229 641 290 709 δόξα
299 645 349 699 τῶν
361 640 528 719 πραχθέντων
538 638 601 717 πρὸς
613 640 661 695 τῶν
671 637 753 714 λέγειν
766 637 913 714 δυναμένων
924 638 1003 710 ἐστίν,
1049 645 1161 695 facundia
1172 648 1268 707 raleut;
1283 646 1372 695 veritas
1387 650 1469 694 autern
1486 649 1534 695 stat
1544 659 1560 695 a
1572 646 1682 708 partibus
1701 648 1827 698 homiuum

229 734 246 801 ἡ
261 728 287 787 δὲ
302 728 409 798 ἀλήθεια
421 727 484 807 πρὸς
496 729 547 783 τῶν
557 726 643 783 δίκαια
657 725 705 783 καί·
713 724 771 784 ὅσια
780 718 959 804 πρασσόντων.
1046 732 1226 794 iustitieatque
1235 733 1341 793 religioni
1350 733 1525 794 operantium,

268 836 292 875 a.
308 816 429 875 Ἐδόκουν
446 814 493 890 μὲν
506 805 549 872 σύν
561 814 640 890 ἔγωγε
654 818 737 870 ταῦτα
749 812 879 870 παιδεύων
891 812 935 870 τὸν
948 813 1003 872 υίδν
1079 826 1103 869 a.
1120 820 1249 882 sperabam
1261 820 1343 881 itaque
1351 832 1395 880 ego
1407 820 1484 867 lilium
1493 832 1575 868 meum
1581 819 1610 867 iis
1621 819 1728 882 artibus,
1740 821 1829 882 qulbus

229 900 256 970 ἐξ
271 894 307 960 ὧν
326 902 441 977 μάλιστα
461 900 491 959 τδ
514 899 597 959 κοινὸν
615 901 768 978 ὠφελεῖται,
786 901 881 975 ἀμφοῖν
900 923 925 957 τι
938 905 1002 976 ἡμῖν
1048 906 1154 954 maxime
1164 918 1226 967 resp.
1237 910 1336 955 ornatur
1346 943 1353 967 ‚
1363 906 1491 967 erudiens,
1505 907 1569 967 lore,
1580 908 1608 954 ut
1621 906 1694 954 ambo
1706 908 1828 956 eornmodi

230 989 325 1065 ἀγαθὸν
346 986 539 1057 ἀποόήσεσθαι·
562 986 715 1063 συμόέύηκε
736 986 764 1043 δέ
784 1009 827 1061 μοι
843 986 908 1065 πολὺ
930 987 1002 1065 παρὰ
1047 992 1138 1054 aliquid
1159 992 1215 1041 inde
1228 993 1427 1055 perciperemus:
1447 1006 1532 1053 verum
1547 994 1628 1043 evenit
1647 994 1708 1043 mibi
1730 1009 1828 1056 prorsus

188 1101 215 1140 σε
229 1076 334 1154 γνώμην
345 1074 452 1134 τούτων.
467 1073 507 1132 Τὸ
516 1072 566 1150 γάρ
577 1073 709 1151 μειράκιον
722 1074 770 1150 οὐχ
782 1062 856 1150 δόρει
866 1072 923 1130 οὐδὲ
938 1076 1000 1131 ἀκο-
1047 1083 1131 1128 eontra
1148 1080 1383 1142 atquesperabatur.
1415 1083 1476 1129 llam
1491 1080 1630 1129 adolescens
1646 1082 1701 1143 bie,
1716 1096 1768 1130 non
1783 1083 1824 1131 ine

229 1164 322 1242 λασίφ,
341 1162 408 1219 ἀλλά
424 1163 539 1235 μελετῶν
554 1161 622 1236 μετὰ
641 1164 693 1217 τῶν
710 1161 808 1230 ι’,λίκων
823 1161 963 1226 ἀκοντίζειν
976 1163 1002 1216 ἐν
1046 1169 1103 1228 petu
1117 1166 1222 1228 quodam
1231 1168 1373 1228 arrogantiae
1387 1168 1425 1216 rel
1440 1168 1580 1229 petulantiae
1596 1170 1677 1227 actus,
1692 1168 1736 1216 sed
1750 1169 1776 1217 in
1789 1182 1827 1231 gr·

227 1254 265 1329 τῷ
275 1248 411 1327 γυμνασίῳ
425 1246 503 1304 ἔόαλε
516 1246 574 1321 μίν,
584 1250 631 1305 οὐκ
645 1246 778 1305 ἀπέκτεινε
792 1246 819 1305 δὲ
829 1248 919 1305 ούδίνα
933 1247 1002 1304 κατά
1046 1253 1138 1303 muasio
1150 1266 1199 1301 una
1217 1266 1274 1301 cum
1287 1253 1421 1316 equalibus
1432 1253 1539 1314 jaculum
1559 1254 1700 1316 intorquere
1717 1255 1827 1317 discens,

227 1361 256 1416 γε
268 1334 313 1406 τὴν
327 1325 495 1405 ἀλήθειαν-διν
506 1332 623 1413 ἔπραξεν,
636 1334 716 1392 ἀλλου
730 1334 753 1391 δ’
765 1336 800 1399 εἰς
822 1332 897 1391 αὑτὸν
912 1333 1001 1413 ἁμαρ·
1046 1341 1161 1402 percussit
1176 1340 1274 1402 quidem
1284 1354 1400 1389 nonrero
1418 1340 1534 1389 interiecit
1544 1343 1746 1403 quemquamst
1764 1347 1827 1393 recte

227 1423 314 1491 τόντος
330 1425 364 1490 εἰς
378 1423 510 1487 ἀκουσίους
522 1420 606 1487 αἰτίας
620 1413 704 1493 ἦλθεν.
733 1422 778 1501 (ι)
794 1423 827 1483 Εἰ
843 1420 889 1496 μὲν
905 1421 958 1500 ,γὰρ
974 1422 1002 1478 τὸ
1047 1427 1599 1490 ηυωθεσκτίιρεερσιιθστίε,εοθείιοίιιεεαισί
1610 1429 1825 1489 peoeanteinu'tus

227 1510 344 1570 ἀκόντιον
356 1508 404 1577 ἔξω
417 1513 467 1567 τῶν
478 1509 543 1589 ὅρων
555 1512 599 1578 τῆς
608 1512 687 1566 αὑτοῦ
701 1506 804 1586 πορείας
812 1507 854 1565 ἐπί
862 1507 905 1565 τὸν
920 1509 1001 1565 παῖδα
1046 1515 1071 1563 ιιι
1080 1514 1272 1564 criminationem
1282 1514 1356 1563 venit.
1389 1516 1423 1575 (i)
1437 1517 1498 1563 Nam
1509 1516 1528 1564 si
1536 1515 1644 1576 jaculum
1658 1520 1729 1565 extra
1739 1519 1824 1567 termi-

227 1595 356 1675 ἐξενεχθὲν
372 1596 481 1677 ἔτρωσεν
493 1594 580 1665 αὐτόν,
594 1595 674 1660 οὐδείς
686 1599 748 1671 ἡμῖν
759 1594 834 1671 λόγος
849 1595 1001 1653 ὑπελείπετο
1046 1602 1150 1662 uosejus
1161 1601 1241 1650 cursui
1255 1601 1384 1663 praefinitos
1394 1604 1505 1650 erectum
1521 1601 1545 1648 in
1556 1614 1659 1663 puerum
1673 1602 1828 1663 ineuuiseetv

186 1707 213 1747 το
228 1683 264 1760 μὴ
279 1690 395 1764 φονεῦσιν
415 1674 493 1742 εἶναι·
517 1688 562 1740 τοῦ
584 1681 610 1760 δὲ
626 1682 717 1747 παιδὸς
732 1680 780 1739 ἀπὸ
793 1681 840 1750 τὴν
861 1686 906 1739 τοῦ
925 1684 1002 1740 οἰκον·
1046 1702 1151 1750 eumque
1164 1690 1299 1750 stravisset,
1315 1690 1381 1738 nulla
1392 1689 1461 1738 uobis
1476 1689 1559 1737 relicta
1571 1689 1632 1737 taret
1641 1691 1767 1739 excusatio
1780 1704 1828 1755 qua

227 1772 283 1830 τίου
298 1770 378 1850 φορδιν
398 1769 588 1849 ὑποδραμόντος
600 1768 644 1825 καί
658 1769 688 1826 τὸ
703 1771 781 1845 σῶμα
796 1768 1002 1847 προστήσαντος,
1046 1775 1565 1838 incusationemcaedisdepellcremuszatqui
1574 1777 1662 1837 puerin
1670 1778 1746 1839 jaculi
1755 1777 1829 1840 irnpe-

223 1863 247 1928 [δ
256 1853 303 1928 μὲν
313 1857 441 1934 ἐκωλύθη]
452 1862 498 1914 τοῦ
506 1861 602 1914 σκοποῦ
613 1858 713 1932 τυχεῖν,
725 1859 739 1913 ό
750 1854 777 1912 δὲ
785 1856 835 1912 ὑπὸ
844 1855 874 1912 τὸ
885 1855 1003 1913 ἀκόντιον
1046 1866 1099 1912 tum
1109 1876 1252 1913 sumurreus
1261 1876 1394 1925 corpusque
1405 1864 1427 1912 ei
1440 1863 1569 1923 objiciens,
1583 1864 1716 1925 quominus
1727 1878 1827 1926 soopum

228 1944 346 2003 ὑπελθὼν
360 1944 471 2015 cdliii,
491 1942 536 2001 καί
548 1940 595 2013 τὴν
608 1943 695 2001 αἰτίαν
710 1944 759 2019 οὐχ
776 1941 905 2021 ἡμετέραν
924 1933 1003 2000 οὖσαν
1045 1951 1106 1999 alter
1119 1951 1200 1999 leriret
1209 1949 1350 2012 impedivit,
1361 1950 1411 2012 ipse
1419 1963 1477 1999 vero
1491 1950 1516 1999 iu
1527 1950 1569 1999 teli
1580 1950 1719 2011 conjectum
1729 1952 1827 2002 veniens

228 2030 390 2111 προσίόαλεν
399 2031 472 2106 ἡμῖν.
518 2028 548 2105 (ε)
558 2028 609 2088 Διά
623 2031 650 2086 δὲ
667 2027 714 2098 eiu
729 2026 878 2106 ὑποδρομὴν
895 2028 1002 2105 βληθίν-
1045 2050 1172 2101 percussus
1179 2040 1228 2099 est,
1238 2038 1338 2102 ideoque
1347 2037 1537 2087 criminationem
1548 2037 1619 2086 nobis
1630 2040 1715 2089 attulit
1725 2039 1785 2087 nibil
1794 2039 1826 2087 ad

227 2142 270 2185 τος
279 2123 323 2176 τοῦ
334 2117 435 2188 παιδός,
445 2116 475 2174 τὸ
485 2115 531 2192 μίν
544 2116 678 2194 μειράκιον
686 2118 716 2173 οὐ
729 2113 832 2180 δικαίως
841 2116 1004 2173 ἐπικαλεῖται
1047 2138 1090 2174 uos
1098 2126 1264 2187 pertinentem.
1278 2125 1312 2186 (5)
1325 2127 1392 2174 Patet
1401 2137 1456 2186 ergo
1463 2124 1639 2174 adolescentem
1652 2125 1741 2186 injuria
1754 2126 1828 2175 mdis

230 2209 239 2282 (
253 2204 343 2265 οάδίνα
356 2203 407 2283 γὰρ
421 2202 500 2260 ἔθαλε
512 2206 563 2260 τῶν
581 2203 634 2260 ἀπὸ
648 2207 693 2259 τοῦ
703 2207 802 2258 σκοποῦ
816 2201 1003 2280 ἀφεστώτων),
1047 2212 1193 2273 insimulari,
1203 2212 1372 2275 quineminem
1381 2225 1465 2261 eorum
1479 2212 1588 2260 omnium
1601 2213 1678 2274 feriit,
1688 2213 1729 2275 qni
1742 2214 1825 2274 procul

228 2292 286 2349 δδὲ
305 2291 366 2357 παῖς
386 2288 458 2369 εἰπερ
472 2288 551 2354 ἑστὼς
564 2287 671 2368 φανερὸς
686 2292 746 2364 ύμῖν
758 2287 814 2346 ίστί
828 2286 865 2363 μὴ
884 2279 1002 2366 βληθίίι,
1049 2303 1139 2349 ameta
1155 2300 1208 2348 loco
1221 2298 1445 2349 suoooustriernnt.
1477 2300 1826 2362 Pueritaquqeipariterlooo

190 2408 217 2445 ης
229 2377 350 2443 ἑκουσίως
370 2377 420 2436 ini
440 2376 487 2447 τλν
511 2376 592 2457 φοράν
616 2380 663 2434 τοῦ
684 2374 801 2433 ἀκοντίου
824 2375 941 2433 ὑπελθὼν
964 2376 1003 2434 ἔτι
1049 2399 1095 2435 suo
1108 2388 1415 2448 aunsmamiseet,proeul
1432 2386 1654 2436 omnidubioictus
1666 2401 1717 2436 ιιοιι
1729 2389 1824 2449 baiesen

229 2462 392 2546 σαφεστέρως
409 2464 532 2535 δηλοῦται
546 2462 588 2521 διὰ
602 2460 651 2534 τὴν
664 2465 743 2518 αὑτοῦ
756 2461 888 2540 ἁμαρτίαν
902 2465 1004 2522 ἀποθα·
1048 2488 1086 2524 res
1097 2476 1133 2524 est
1145 2474 1269 2538 perspicua
1280 2494 1286 2523 :
1296 2473 1338 2523 sed
1347 2474 1424 2523 multo
1433 2473 1513 2522 adbuc
1527 2475 1646 2535 magisest
1656 2475 1825 2537 perspicuum,

228 2551 296 2610 νύιν·
311 2552 340 2609 ού
353 2551 404 2631 γδρ
418 2550 449 2609 ἀν
463 2550 561 2622 ἰὸλήθη
574 2549 721 2630 ἀτρεμίζων
731 2549 777 2606 καί
791 2548 828 2623 μὴ
845 2551 1000 2629 διατρέγων.
1047 2575 1104 2611 eum
1117 2563 1211 2611 suomet
1222 2574 1303 2611 errore
1316 2560 1443 2622 cecidisae3
1453 2574 1510 2610 uam
1523 2561 1649 2623 siquietus
1660 2565 1686 2612 et
1695 2563 1825 2612 immobilis

229 2636 260 2717 (a)
274 2638 405 2697 Ἀκοντίου
417 2636 445 2696 δί
458 2638 589 2717 τοῦφόνου
605 2637 632 2705 ἐξ
650 2640 746 2716 ἀμφοῖν
756 2639 817 2712 ὑμῖν
828 2638 1003 2714 θμολογουμί·
1047 2648 1510 2711 staminstatlonesuapersererassetl,
1527 2648 1755 2699 ictusnoutuisset
1788 2650 1822 2709 (e)

208 2750 273 2807 ,νου
286 2725 418 2805 γενέσθαι,
432 2729 461 2784 ἐκ
474 2729 520 2795 τῆς
528 2725 671 2804 ἁμαρτίας,
686 2724 809 2803 δποτίρου
820 2726 905 2782 αὐτῶν
921 2726 1003 2804 ἰστίν,
1048 2736 1095 2786 Sed
1110 2736 1224 2798 quoniam
1240 2737 1324 2784 contra
1341 2734 1467 2797 utriusque
1481 2735 1632 2783 rolmrtatern
1645 2734 1760 2783 accidisse
1776 2748 1824 2783 et·

230 2814 267 2872 ίτι
278 2838 308 2894 γε
323 2813 479 2895 σαφέστερον
496 2812 555 2870 ἀνθ
573 2812 662 2893 φονεὺς
673 2811 817 2890 ἐλεγχθείη.
857 2809 936 2870 Οίτε
952 2814 1003 2893 γὰρ
1047 2824 1102 2873 dem
1118 2824 1180 2873 inter
1195 2836 1239 2872 nos
1248 2822 1300 2883 jam
1315 2824 1441 2880 eonvenit,
1456 2835 1523 2871 error
1539 2822 1665 2883 cujusnam
1675 2822 1824 2884 lberitqna·

231 2902 422 2982 ἀμαρτάνοντες
433 2891 469 2958 bv
480 2898 512 2958 δν
526 2899 683 2971 ἰπινοιίσωσί
696 2923 721 2957 τι
733 2901 840 2978 δρᾶσαι,
852 2891 921 2958 uiros
933 2900 1003 2980 πρεί·
1047 2924 1142 2971 ramus;
1160 2910 1215 2959 iude
1233 2910 1298 2959 enim
1315 2908 1449 2958 evidentius
1466 2908 1547 2958 adium
1564 2908 1686 2957 homicida
1702 2915 1823 2970 arguatur.

229 3011 317 3068 κτορες
326 2992 377 3047 τῶν
389 2987 515 3046 ἀκουσίων
527 2987 603 3045 εἰσίν·
616 2990 640 3045 oi
656 2987 684 3045 δί
698 2985 813 3045 ἀκούσιόν
826 3011 851 3046 τι
865 2988 1002 3068 δρῶντεςῆ
1047 2999 1143 3048 scilieet
1159 2997 1229 3060 siqui
1241 2999 1266 3045 in
1275 2996 1390 3058 agendos
1402 2995 1524 3059 proposito
1536 3009 1582 3045 suo
1597 2996 1727 3056 aberrent,
1741 2996 1759 3043 ii
1771 2998 1824 3044 sunt

188 3101 215 3139 ιο
228 3066 466 3154 ποίσχοντες,ούτοι
477 3077 528 3132 τῶν
538 3074 700 3149 παθημάτων
712 3073 789 3132 αίτιοι
800 3074 923 3152 γίνονται.
967 3078 1001 3152 (7)
1046 3088 1171 3135 effectores
1188 3098 1270 3134 rerum
1288 3083 1618 3145 involuntariarum3eontra
1633 3082 1676 3144 qui
1690 3083 1824 3131 voluntarie

229 3165 254 3221 T
255 3161 269 3219 δ
281 3160 328 3237 μὲν
344 3160 425 3223 τοίνυν
441 3161 575 3238 μειράκιον
593 3161 653 3242 περὶ
672 3162 761 3218 οὐδένα
781 3162 898 3240 ἥμαρτεν
916 3158 1000 3220 οὐδέν·
1047 3172 1136 3235 aliquid
1148 3173 1186 3221 rel
1204 3172 1294 3220 iaciunt
1307 3172 1347 3220 rei
1360 3170 1412 3219 deri
1427 3171 1560 3233 patiuntur,
1581 3170 1598 3218 ii
1615 3173 1728 3219 auctores
1742 3183 1823 3219 eorum

229 3247 533 3328 ούταγδιράπειρημίνογ,
546 3245 1003 3325 ἀλλάπροστεταγμένονίξεμελίτα,
1047 3273 1102 3321 quae
1111 3260 1171 3308 liunt
1183 3259 1310 3308 habentur.
1343 3260 1376 3318 (7)
1385 3260 1441 3307 tam
1454 3257 1591 3306 adolescens
1602 3270 1672 3306 meus
1684 3257 1752 3306 nulla
1766 3258 1822 3306 rein

229 3332 288 3392 οὔτε
302 3338 327 3392 ἐν
341 3332 552 3412 γυμναζομένοις,
575 3335 634 3392 ἀλλ’
651 3336 677 3390 ἰν
697 3338 730 3412 τῇ
749 3338 800 3391 τῶν
820 3334 1003 3403 ἀκοντιζόντων
1047 3346 1185 3410 quempiam
1205 3345 1322 3408 peccavit.
1355 3344 1489 3394 Exercebat
1505 3347 1581 3392 ατιειιι
1599 3357 1650 3393 non
1671 3344 1822 3393 intenlietarn

228 3421 299 3489 τόξει
319 3423 461 3493 ἠκόντιζεν,
480 3420 538 3481 οὔτε
555 3426 599 3479 τοῦ
619 3427 716 3479 σκοποῦ
739 3421 872 3500 ἁμαρτών,
891 3425 927 3488 εἰς
945 3422 1002 3489 τοὺς
1047 3434 1108 3494 sibi,
1126 3432 1168 3481 eed
1185 3433 1343 3494 imperatam
1356 3445 1404 3480 nou
1413 3429 1564 3490 iaculabatur
1579 3430 1641 3479 inter
1653 3431 1776 3480 luctantes
1786 3430 1823 3480 sed

229 3510 379 3587 ἀφεστῶτας
391 3508 538 3580 ἀκοντίσας,
552 3514 597 3566 τοῦ
609 3508 699 3575 παιδὸς
721 3508 819 3587 ἔτυχεν,
841 3509 908 3567 ἀλλά
919 3511 1003 3568 πάντα
1047 3522 1072 3569 in
1089 3519 1250 3581 iaculantium
1261 3520 1370 3580 agmiue3
1386 3531 1466 3579 neque
1478 3530 1493 3566 a
1506 3521 1568 3566 meta
1585 3517 1701 3567 aberrem
1716 3518 1822 3578 ίεσυίιιιιι

230 3594 310 3673 ὀρθῶς
332 3599 366 3660 ὡς
385 3596 482 3654 ἐπενόει
501 3597 568 3676 δρῶν
588 3594 680 3674 ἔδρασε
704 3595 752 3672 μὲν
775 3596 847 3653 οὐδὲν
871 3595 1003 3673 ἀκούσιον,
1048 3607 1072 3655 in
1090 3606 1205 3655 dbtames
1223 3604 1370 3667 detorquens
1386 3617 1490 3666 pueram
1507 3604 1589 3666 leriit,
1603 3604 1645 3654 sed
1663 3606 1730 3654 recte
1745 3605 1824 3654 omnia

180 3681 312 3741 122ίπαθε
328 3681 355 3739 δί
366 3683 532 3748 διακωλυθεὶς
542 3686 587 3739 τοῦ
597 3687 693 3739 σκοποῦ
703 3690 800 3760 τυχεῖν.
818 3683 847 3759 (ιι)
860 3681 894 3744 Ὁ
906 3682 933 3741 δὲ
943 3688 1004 3749 παίς
1049 3694 1084 3742 uti
1102 3695 1259 3756 proposuerat
1274 3692 1318 3741 sibi
1334 3705 1469 3754 peragens,
1485 3694 1568 3740 contra
1585 3691 1739 3740 voluntatem
1757 3706 1822 3742 snam

230 3767 383 3847 βουλόμενος
396 3770 564 3848 προδραμεῖν,
582 3773 628 3826 τοῦ
653 3768 745 3845 χρόνον
768 3768 918 3848 διαμαρτὼν
938 3773 964 3827 ἰν
981 3763 1004 3851 ᾧ
1048 3781 1105 3831 tecit
1123 3780 1196 3842 nihil,
1213 3793 1298 3829 rerum
1319 3792 1402 3841 passus
1423 3782 1475 3841 est,
1497 3792 1574 3841 quum
1590 3791 1691 3840 scopum
1710 3780 1825 3842 attingere

229 3854 373 3934 διατρίχων
387 3858 433 3912 οὐκ
450 3854 481 3913 ἀν
495 3853 607 3932 ἐπλήγη,
620 3854 772 3933 περιέπεσεν
786 3845 822 3919 οἷς
837 3855 883 3911 οὐκ
902 3854 1003 3928 ἤθελεν,
1048 3867 1221 3930 prohiberetur.
1239 3868 1274 3929 (8)
1288 3869 1348 3916 Puer
1358 3866 1439 3914 autem
1448 3902 1455 3927 ‚
1464 3869 1550 3927 practer
1563 3867 1653 3914 metam
1662 3867 1824 3916 tranensem

231 3942 358 4010 ἀκουσίως
375 3942 403 4002 δὲ
423 3940 548 4021 ἁμαρτὼν
569 3943 604 4008 εἰς
621 3940 712 3998 ἑαυτὸν
734 3938 840 4006 οἰκείαις
862 3952 1005 4022 συμφοραῖς
1048 3954 1247 4015 rolens‚errabat
1257 3955 1282 4003 in
1293 3952 1434 4005 aesdmando
1447 3955 1568 4015 tempore,
1578 3966 1627 4014 quo
1636 3952 1742 4003 licuisset
1755 3953 1825 4002 alicui

229 4030 371 4111 κίχρηται,
381 4035 428 4101 τῆς
444 4028 466 4087 δ’
481 4028 611 4108 ἁμαρτίας
622 4029 830 4105 τετιμωρημένος
844 4029 935 4088 ἑαυτὸν
950 4029 1005 4109 ἔχει
1049 4042 1116 4091 salvo
1124 4044 1301 4104 bauseurrere3
1312 4041 1396 4090 incidit
1405 4041 1486 4102 itaque
1493 4040 1518 4088 in
1534 4040 1625 4088 ιιιείιιιιι
1637 4040 1823 4089 involuntarium

230 4118 277 4190 τλν
286 4119 368 4190 δίκην,
374 4120 403 4175 οὐ
413 4116 593 4192 συνηδομένων
600 4115 650 4192 μὲν
660 4114 718 4174 οὐδὲ
726 4116 911 4174 συνεθελόντων
920 4122 1004 4194 ἡμῶν,
1049 4131 1074 4177 et
1089 4129 1179 4177 inritus
1189 4128 1215 4177 in
1225 4131 1301 4177 semet
1316 4129 1393 4190 ipsum
1404 4140 1505 4189 μοεειιιιε
1514 4126 1605 4175 cladem
1618 4127 1689 4175 biam
1698 4128 1743 4176 sibi
1752 4141 1824 4177 arbes·

230 4205 426 4285 συναλγούντων
440 4204 467 4263 δὲ
481 4204 526 4263 καί
540 4204 766 4280 συλλυπουμένων.
807 4206 863 4279 Τῆς
875 4204 902 4263 δὲ
918 4206 1003 4284 ἁμαρ·
1048 4215 1118 4276 sirit,
1128 4216 1263 4278 errorisque
1274 4217 1348 4264 semet
1364 4214 1416 4276 ipse
1425 4214 1491 4263 ultus
1507 4213 1572 4262 dedit
1585 4226 1669 4275 poenas
1687 4234 1693 4263 :
1708 4215 1825 4264 nolierunt

201 4293 286 4360 τείας
304 4296 340 4359 εἰς
355 4298 444 4352 τοῦτον
457 4289 570 4362 ἡκούσης
583 4291 612 4349 τὸ
628 4290 701 4370 ἔργον
714 4294 763 4372 οὐχ
776 4292 913 4371 ἡμέτερον,
936 4292 1005 4351 ἀλλά
1049 4305 1138 4352 tactum
1146 4339 1154 4365 ,
1171 4303 1210 4352 cui
1222 4302 1329 4365 prolecto
1344 4315 1392 4350 non
1413 4302 1550 4363 illaetamur,
1562 4299 1604 4349 sed
1622 4301 1704 4363 potius
1724 4302 1824 4364 ingemi·

229 4385 275 4439 τοῦ
288 4379 475 4459 ίξαμαρτόντος
492 4376 562 4449 ἀστί,
575 4376 606 4435 τό
621 4401 649 4435 τε
663 4378 743 4443 πόθος
763 4381 799 4444 εἰς
812 4377 856 4435 τὸν
872 4378 1006 4457 δράσαντα
1049 4390 1146 4440 scimus.
1179 4389 1287 4451 Αίευίρε
1297 4389 1384 4438 erroris
1401 4388 1443 4450 qui
1460 4386 1560 4436 exitium
1575 4388 1731 4448 atbrlit,uou
1745 4393 1826 4438 umba

231 4467 302 4525 ἰλθδν
321 4472 393 4542 ἡμᾶς
412 4466 459 4544 μὲν
475 4465 584 4523 ἀπολύει
600 4469 647 4536 τῆς
666 4466 766 4537 αἰτίας,
778 4464 822 4523 τὸν
834 4465 861 4523 δὲ
873 4466 1005 4546 δράσαντα
1049 4478 1094 4537 est,
1110 4476 1214 4537 sedejus
1228 4477 1270 4538 qui
1285 4476 1405 4524 cummisit
1416 4488 1486 4535 eum;
1500 4474 1640 4536 malumque
1659 4474 1684 4522 in
1702 4478 1825 4524 auctorem

231 4553 334 4621 δικαίως
346 4553 402 4630 ἀμα
416 4558 448 4633 τῇ
464 4551 581 4665 ἀμοφρτίφ
593 4550 776 4632 τετιμώρηται.
805 4555 835 4631 (ν)
847 4552 965 4611 ’ἀπολύει
978 4552 1004 4612 δὲ
1049 4562 1157 4611 relabens
1174 4576 1219 4613 nos
1231 4577 1244 4611 a
1256 4564 1356 4613 crimine
1369 4562 1487 4623 absolvit,
1502 4561 1528 4609 iu
1547 4561 1599 4624 ipso
1616 4561 1707 4610 erroris
1722 4562 1825 4611 articulo

231 4640 300 4699 καίθ
314 4640 391 4714 νόμος
409 4645 495 4715 ἡμᾶς,
509 4663 531 4718 ιρ
547 4642 685 4717 πιστεύων,
700 4638 811 4717 εἰργοντι
826 4640 892 4717 μήτε
910 4639 1005 4708 ἀδίκως
1049 4649 1079 4699 ab
1092 4654 1190 4699 auctore
1206 4653 1288 4699 autern
1299 4650 1480 4713 poenaseaegit.
1514 4652 1548 4713 (9)
1563 4648 1612 4699 sed
1625 4650 1827 4712 lexquoqueaos

232 4719 297 4795 μήτε
307 4717 411 4783 δικαίως
420 4718 588 4788 ἀποκτείνειν,
597 4721 631 4784 ὥς
640 4718 717 4798 φονία
726 4741 759 4795 με
769 4717 864 4778 διιύκει.
877 4717 946 4778 Ὑπὸ
957 4719 1004 4794 μὲν
1049 4736 1166 4795 absolvit,
1183 4747 1231 4798 qua
1245 4747 1277 4782 ne
1289 4735 1344 4795 quis
1353 4747 1431 4795 neque
1438 4734 1502 4796 justo
1510 4746 1588 4797 neque
1600 4733 1690 4795 injuste
1702 4735 1826 4785 occidatur

231 4806 281 4885 γὰρ
294 4809 340 4875 τῆς
354 4806 432 4862 αὐτοῦ
445 4810 491 4862 τοῦ
510 4808 645 4872 τεθνεῶτος
664 4804 794 4885 ἁμαρτίαι
807 4804 850 4863 ὅδε
862 4803 1005 4864 ἀπολύεται
1049 4825 1145 4872 vetante
1157 4824 1215 4872 fisus
1223 4821 1264 4870 hic
1272 4822 1345 4871 caedis
1354 4835 1395 4870 rne
1405 4835 1475 4871 reum
1484 4823 1538 4885 agit.
1552 4825 1625 4871 Error
1634 4823 1701 4871 euim
1710 4822 1827 4885 peremti

233 4891 299 4969 μηδὲ
316 4890 441 4958 ἀκουσίως
451 4892 602 4949 ἀποκτεῖναι
615 4893 704 4950 αὐτόν·
714 4892 763 4949 ὑπὸ
773 4890 800 4950 δὲ
811 4897 857 4950 τοῦ
868 4891 1005 4961 διύικοντος
1049 4910 1125 4959 filium
1141 4922 1223 4958 meum
1234 4908 1273 4957 rel
1284 4908 1450 4957 involuntariae,
1466 4908 1538 4956 credis
1553 4907 1654 4957 crimine
1669 4909 1755 4959 egium
1764 4926 1772 4971 5
1782 4923 1827 4958 ω.

193 5007 218 5047 1⁰
231 4980 284 5040 οὐδ’
303 4975 503 5052 ἐκκαλούμενος
518 4982 552 5043 ὣς
568 4977 633 5041 imit
648 4979 806 5052 ἀπέκτεινεν,
822 4981 917 5060 ἀμφοῖν
937 4982 1002 5039 ἀπο*
1046 4996 1244 5047 luntariaeautem
1251 4994 1323 5044 cadis
1332 5008 1408 5057 qumn
1420 5008 1450 5043 ue
1460 4997 1585 5043 accusetur
1596 4994 1695 5058 quidem
1705 5033 1711 5057 ‚
1720 4996 1753 5045 ab
1763 5000 1827 5044 utro·

230 5067 319 5125 λύεται
334 5073 388 5123 τῠῖ*
403 5063 586 5143 tqeiqpteoo,
604 5064 665 5139 μήτ’
683 5065 754 5124 ἄκων
776 5066 837 5142 μήθ’
850 5065 917 5124 ἰδὼν
937 5068 1003 5124 ἀπο·
1047 5097 1095 5147 que
1106 5082 1205 5132 crimino
1219 5082 1362 5131 absolvitur.
1397 5082 1445 5143 (lo)
1458 5083 1534 5142 culpa
1551 5082 1633 5142 itaque
1644 5086 1717 5132 vacat
1732 5087 1781 5133 ete
1793 5084 1828 5133 rei

230 5162 337 5214 κτεῖναι.
368 5152 412 5233 (¹0)
425 5151 609 5228 ’ἀποδυόμενος
621 5152 647 5210 δί
661 5153 712 5212 ὕπύ
722 5176 749 5211 τε
763 5159 810 5228 τῆς
819 5153 940 5224 ἀληθείας
951 5157 1003 5212 τῶν
1048 5175 1119 5235 gestae
1127 5170 1228 5220 veritate
1236 5172 1285 5219 ete
1299 5169 1357 5230 legis
1367 5168 1481 5229 turmula,
1491 5170 1560 5229 cuim
1571 5168 1674 5217 obtentu
1688 5174 1825 5219 accusatur.
