3867 5917
211 430 266 483 2⁵2
631 411 758 473 lzllot
778 412 803 471 0
825 411 914 470 ΠΕΡΙ
934 409 1011 468 ΤΟΥ
1031 406 1183 466 lll‘PPOl'
1211 406 1370 464 [innuet.
1676 401 1804 475 (ιο-ιι)

211 548 364 628 ἐγγυηθεῖσοι
380 546 438 605 soll
450 544 625 614 συνοικήσασα
639 540 766 620 φαίνεται·
788 537 942 618 σκεψώμεθα
956 534 984 595 δέ
1029 544 1099 591 inisse
1106 541 1281 604 prostibulum,
1290 537 1486 600 eteonslurejum
1492 538 1594 587 eliorum
1603 536 1756 587 nerninierm
1766 535 1807 586 de·

211 636 255 694 καί
268 634 293 701 ἐξ
307 625 342 692 διν
355 632 387 692 ἄν
397 655 436 698 τις
448 629 613 699 ὑπονοήσειεν
624 626 718 704 ἐγγύην
730 624 849 700 γενίσθαι
862 622 982 692 τοιαύτης
1028 641 1139 690 sponsum
1150 628 1220 677 θυιεοο
1233 640 1311 688 neque
1320 625 1474 674 oombiusse.
1484 626 1575 672 Verum
1584 636 1628 685 ege
1640 623 1806 680 excutiemus,

211 718 348 798 γυναικός,
362 721 384 777 εἰ
396 719 447 797 ἄρα
459 716 503 774 καί
513 719 550 794 τῷ
561 712 680 793 ἡμετέρῳ
690 712 750 792 θείῳ
759 709 872 769 τοιοῦτόν
885 732 910 766 τι
922 732 986 784 συμ-
1029 716 1092 764 unde
1098 715 1201 776 suspicio
1211 715 1322 762 noscetur
1329 711 1379 761 lieri
1389 713 1469 760 tannen
1476 711 1582 772 potuisse
1590 711 1619 759 ut
1626 708 1746 771 ejusnnodl
1754 721 1806 756 mu·

173 826 199 865 er
213 807 334 879 όέόηκεν.
378 803 421 882 (ιτ)
439 801 510 872 Ἤδη
528 801 578 879 γάρ
596 823 662 865 τινες
678 801 729 856 νέοι
751 797 881 876 ἄνθρωποι
898 798 985 853 ἐπιθυ·
1030 795 1808 862 lientedesponderetur‚sinos1roquoquesvununooontignset

213 895 342 973 μήσανττς
353 890 473 950 τοιούτοιν
487 890 627 964 γυναικῶν,
640 884 685 944 καί
699 887 816 963 ἀκρατῶς
828 881 928 961 ἔχοντες
940 885 985 938 αθ·
1030 889 1076 936 lsue
1085 889 1110 937 in
1120 902 1145 937 re
1154 887 1288 936 humanum
1297 885 1356 949 quid
1366 886 1424 947 peti.
1435 887 1484 946 (17)
1494 887 1546 933 Usu
1555 884 1621 933 enim
1632 895 1804 943 nonnunquam

212 985 272 1053 τῶν,
297 979 453 1049 ἐπείσθησαν
475 978 519 1034 ὑπ’
540 974 626 1040 ἀνοίας
652 975 687 1039 εἷς
711 970 802 1038 αύτούς
826 969 938 1028 τοιοῦτόν
961 992 987 1026 τι
1031 975 1397 1036 venitntedoleseentes,quum
1406 973 1491 1021 talium
1500 971 1629 1022 mulierum
1644 982 1806 1019 rmoreeur·

212 1065 375 1144 ἐξαμαρτεῖν.
417 1061 502 1123 Πόθεν
517 1055 560 1119 ούν
575 1060 607 1117 οίν
621 1083 660 1125 τις
672 1058 828 1138 σαφέστερον
839 1056 911 1135 γνοίη
926 1055 988 1134 περὶ
1032 1061 1383 1123 sissent,suimuncomp0tss
1392 1057 1808 1136 imuniesuendpeoound-inse

212 1150 347 1224 τούτων,ή
362 1150 391 1209 ἐκ
404 1172 433 1208 τε
445 1152 497 1207 τῶν
513 1150 663 1226 μαρτυριῶν
677 1149 728 1204 τῶν
742 1144 841 1211 τούτοις
853 1166 987 1221 μεμαρτυ-
1033 1150 1096 1212 ipsos
1104 1150 1313 1211 compellerentur.
1344 1146 1414 1197 Unde
1421 1147 1531 1208 igiturne
1541 1145 1643 1207 hisquld
1653 1144 1808 1195 εθεθιιαοθυαι

213 1238 331 1318 ρημίνων
346 1242 372 1297 ἐν
386 1241 418 1307 τῆ
432 1234 547 1316 προτέρῳ
562 1233 619 1311 δίκῃ
635 1233 680 1291 καί
694 1234 723 1290 ἐκ
742 1235 793 1289 τῶν
814 1230 919 1289 εἰκότων
938 1234 989 1287 τῶν
1033 1239 1063 1286 sit
1072 1236 1161 1286 certius
1169 1232 1811 1298 intelligulunquumpurtimetoetlmoniisineotione

212 1325 273 1404 περὶ
286 1324 348 1383 αύτδ
360 1323 390 1381 τὸ
401 1301 511 1436 πρᾶγμα
524 1320 698 1399 σκεψάμενοςς
718 1319 764 1395 (le)
779 1317 948 1391 Ἐνθυμεῖσθι
962 1314 989 1373 δέ
1033 1323 1148 1386 superiori
1158 1324 1244 1373 horum
1255 1323 1280 1372 in
1289 1335 1361 1372 consa
1369 1321 1452 1382 dictis,
1462 1322 1548 1383 purtim
1558 1333 1589 1369 ex
1598 1318 1811 1380 indiciisprolsrlni·

213 1408 583 1485 τλνάναίδιιανωνλέγσυσιν.
625 1403 715 1481 Ὁμέν
724 1404 774 1484 γὰρ
784 1408 878 1482 ἐγγυᾶν
887 1403 989 1480 μέλλων
1034 1411 1162 1473 libusque
1175 1412 1226 1473 ipsu
1241 1408 1439 1471 reesuppedituti
1450 1410 1500 1469 (18)
1509 1405 1812 1469 Jnmspeeteteimpuden-

173 1521 200 1560 ιι)
213 1500 248 1565 εἰς
261 1498 304 1555 τδν
315 1496 484 1576 τριτάλαντον
499 1486 578 1565 οἶκον,
591 1491 625 1560 ὥς
637 1515 718 1573 φησι,
730 1490 776 1562 τήν
790 1492 914 1566 ἀδελφήν,
932 1492 989 1548 δια·
1034 1500 1093 1548 timu
1104 1510 1253 1560 eorumque
1268 1496 1430 1559 protulerunt.
1464 1494 1607 1546 llioodemns
1619 1493 1684 1543 enim
1694 1496 1749 1543 viro
1763 1507 1812 1542 reus

212 1583 391 1663 πραττόμενος
409 1583 556 1652 τηλικαῦτα
575 1579 621 1638 ἕνα
641 1579 762 1660 μάρτυρα
785 1583 905 1657 παρεῖναι
920 1580 991 1655 αύτῷ
1034 1582 1108 1631 trium
1118 1581 1263 1630 talentorum
1271 1577 1683 1642 possidenti,utluit,dsspousurns
1691 1589 1811 1637 sororem,

214 1670 359 1750 Πυρετίδην
382 1668 608 1748 προσεποιήσατο,
631 1668 677 1725 καλ
701 1665 792 1725 τούτου
816 1664 991 1745 ἐκμαρτυρίαν
1035 1667 1222 1728 comminiscitur
1235 1679 1310 1715 unum
1322 1665 1473 1715 solummodo
1490 1665 1588 1724 tatem,
1605 1662 1757 1724 Pyrelislem,
1770 1663 1813 1712 sitsi

214 1761 255 1817 ἐπ’
268 1758 352 1836 ἐκείνη
364 1762 396 1836 τῇ
409 1756 468 1836 δίκη
481 1755 644 1835 παρέσχοντο
654 1745 732 1812 οὗτοι·
743 1754 774 1825 ἣν
788 1754 933 1833 Πυρετίδης
945 1755 991 1809 οὐκ
1035 1757 1122 1820 presto
1133 1754 1216 1832 ltrisre.¹
1245 1755 1276 1804 nt
1287 1752 1360 1813 huius
1369 1752 1403 1802 rei
1418 1750 1582 1801 testimonium
1597 1750 1702 1799 absentis
1715 1750 1814 1799 nomine

214 1845 382 1903 ἀναδέδεκται
404 1846 505 1915 αὐτοῖς,
527 1842 585 1900 ούδέ
606 1842 728 1920 ὁμολογεῖ
748 1845 914 1920 μαρτυρῆσαι
933 1837 991 1897 οὐδὲ
1035 1843 1151 1906 seriptum
1168 1843 1312 1905 exhibuere;
1324 1842 1390 1904 quod
1406 1842 1456 1905 ipse
1467 1840 1588 1904 Pyretides
1606 1841 1728 1902 susscipere
1743 1853 1813 1889 reeu-

215 1931 310 1989 εἰδέναι
325 1930 422 1989 τούτων
439 1929 531 2000 ἀληθὲς
543 1927 571 1987 θν
583 1927 664 1987 οὐδέν.
707 1929 751 2006 (ιο)
767 1925 992 2005 Μίγαδὲτεκμή·
1035 1934 1086 1993 sut,
1111 1937 1227 1993 negetque
1252 1930 1297 1979 sibi
1321 1931 1430 1979 oonsture
1456 1929 1544 1978 horum
1570 1929 1702 1990 qmoqmm
1728 1940 1814 1977 τεταικ

216 2041 269 2099 ριον
288 2022 322 2085 ὡς
339 2021 485 2099 περιφανῶς
503 2018 585 2097 ψευδῆ
602 2014 649 2086 τήν
668 2014 812 2094 μαρτυρίαν
827 2005 896 2072 οὗτοι
911 2012 993 2092 παρέ·
1036 2031 1094 2068 esso.
1128 2019 1179 2079 (19)
1189 2015 1545 2080 Luculentumegoreroedem
1556 2014 1815 2076 documentum,uude

216 2126 311 2182 οχοντο
324 2102 429 2174 ταύτην·
443 2101 499 2160 ίστε
510 2102 560 2180 γὰρ
577 2100 672 2165 πάντες
689 2103 723 2166 ὡς
737 2098 798 2158 όταν
810 2099 858 2177 μίν
874 2099 917 2158 ἐπὶ
928 2122 991 2179 προ·
1036 2107 1129 2156 constet
1137 2105 1356 2155 testimoniumhoo
1367 2106 1493 2154 manifesto
1506 2106 1650 2154 ementitum
1659 2115 1711 2151 eene
1723 2122 1730 2151 ι
1741 2102 1815 2151 nodis

217 2190 308 2261 δήλους
318 2189 424 2269 πράξεις
434 2188 526 2263 ἴωμεν,
537 2187 566 2254 tr
575 2188 615 2245 δεῖ
627 2185 694 2263 μετὰ
710 2186 847 2267 μαρτύρων
857 2186 992 2265 γενέσθαι,
1036 2194 1100 2243 enlm
1113 2207 1157 2244 voe
1169 2207 1265 2257 omnes,
1276 2206 1352 2256 quum
1367 2206 1405 2243 ree
1418 2194 1531 2255 previus
1546 2193 1704 2255 suscipiemus
1722 2190 1809 2251 onibus

182 2275 274 2345 ,ςητοθς
284 2275 456 2340 οἰκειοτάτους
468 2274 512 2333 καί
526 2267 562 2340 οἷς
576 2273 607 2333 θν
618 2273 790 2352 τυγχάνωμεν
800 2273 929 2353 χρώμενοι
940 2274 994 2350 μοί-
1036 2284 1110 2331 tostos
1120 2282 1203 2331 edesse
1211 2280 1312 2342 dehent,
1327 2283 1381 2330 tum
1391 2282 1469 2330 solere
1478 2294 1523 2330 nos
1530 2281 1649 2328 odvoeure
1664 2278 1815 2341 propinquis·

216 2365 310 2437 λιστα,
323 2360 427 2427 τούτους
441 2360 660 2440 παραλαμύοίνειν
674 2359 800 2435 εἰώθαμεν
818 2361 860 2418 ἐπὶ
871 2360 916 2427 τὰς
926 2360 993 2439 πρά·
1037 2372 1111 2419 slmos
1130 2382 1219 2431 eosque
1234 2368 1322 2431 quibus
1340 2371 1438 2417 utemur
1451 2380 1524 2430 quem
1539 2367 1723 2417 familiarissime
1728 2382 1737 2427 ;
1753 2364 1815 2415 subi·

218 2446 268 2515 ξεις
285 2448 331 2514 τθς
341 2446 475 2517 τοιαύτας,
487 2449 538 2504 τῶν
548 2446 575 2503 δέ
586 2446 688 2515 ἀδήλων
703 2446 747 2504 καί
760 2446 877 2527 ἐξαίφνης
887 2446 993 2523 γινομί-
1038 2459 1204 2506 munientem
1211 2469 1300 2518 rerum,
1308 2467 1410 2518 querum
1417 2454 1725 2516 eventumproesolrenemo
1733 2452 1816 2515 possit,

218 2558 268 2592 νων
288 2533 346 2602 τσθς
361 2532 553 2613 προστυχόντος
566 2532 670 2591 ἔκαστοι
686 2532 819 2613 μάρτυρας
840 2532 991 2608 ποιούμεθα.
1038 2544 1248 2606 testesproduoere
1261 2556 1302 2593 eoo
1315 2544 1357 2605 qul
1374 2542 1694 2592 fortuitorelinterlnernnt.
1728 2541 1817 2602 (teiln

220 2621 269 2698 (no)
285 2621 337 2680 Καί
346 2621 389 2679 ἐπί
399 2619 447 2698 μίν
458 2627 515 2686 ταῖς
528 2619 680 2701 μαρτυρίαις
692 2623 780 2686 αὐτοῖς
791 2624 842 2686 τοῖς
851 2643 995 2698 παραγενο-
1038 2631 1094 2694 ipsis
1104 2631 1261 2691 testimoniis,
1273 2630 1316 2679 ubi
1327 2632 1400 2680 testes
1411 2629 1436 2678 in
1445 2628 1553 2689 judicum
1566 2630 1722 2691 eonspeetum
1732 2628 1819 2689 produ·

220 2707 304 2784 μένοις
323 2709 425 2777 αὐτοῖς,
442 2706 526 2765 δποῖοί
543 2729 609 2773 τινες
628 2706 659 2763 θν
678 2695 743 2781 θύοι,
760 2706 858 2773 τούτοις
882 2706 995 2785 μάρτυσι
1039 2719 1132 2776 cimus,
1144 2719 1222 2766 lucere
1237 2729 1285 2765 non
1301 2729 1427 2779 possumus
1444 2718 1503 2778 quin
1518 2717 1646 2776 presentes
1662 2717 1751 2775 teres,
1767 2716 1818 2778 qui·

193 2830 206 2868 Β
218 2799 332 2873 χρῆσθαι
343 2793 483 2873 ἀναγκαῖόν
497 2796 566 2851 ἐστιν
581 2797 655 2867 ἡμῖν·
667 2792 740 2872 παρθι
753 2793 779 2851 δέ
791 2798 842 2852 τῶν
860 2793 994 2851 οἰσθενούν-
1040 2803 1239 2867 σοοοιιοθαιιθεω
1248 2806 1318 2864 sunt,
1327 2802 1501 2865 produeumus3
1509 2802 1752 2852 sinueroelrsentimu
1761 2817 1816 2867 pro

218 2905 269 2940 των
283 2881 300 2952 ἦ
313 2884 363 2939 τῶν
375 2882 517 2955 ἀποδημεῖν
530 2880 677 2955 μελλόντων
691 2880 754 2938 όταν
765 2904 803 2946 τις
814 2879 993 2960 ἐκμαρτυρίαν
1041 2895 1094 2954 pler
1104 2890 1216 2939 morbum
1227 2890 1266 2939 rel
1276 2890 1322 2939 iter
1328 2889 1470 2938 testimoniis
1478 2889 1514 2938 uti
1525 2889 1611 2951 uliquis
1620 2890 1694 2950 velit,
1705 2895 1817 2954 tumope

218 2972 339 3038 ποιῆται,
358 2965 416 3032 τοθς
438 2966 646 3032 ἐπιεικεστάτους
664 2970 715 3024 τῶν
736 2969 850 3025 πολιτῶν
871 2967 916 3025 καί
935 2968 994 3032 τοὺς
1041 2993 1092 3027 rum
1110 2976 1197 3027 damus
1214 2979 1242 3026 ut
1266 2978 1356 3025 oinium
1379 2977 1558 3038 probatissimos
1576 2989 1686 3039 quosque
1704 2979 1818 3041 voboqne

220 3058 282 3131 ἡμῖν
290 3051 503 3131 γνωριμωτάτους
511 3050 619 3119 ἕκαστος
627 3057 702 3129 ἡμῶν
713 3057 860 3131 παρακαλεῖ
870 3054 994 3130 μάλιστα,
1041 3065 1175 3115 notissimos
1183 3064 1352 3124 adhibeamus,
1364 3065 1501 3125 (ullusque
1512 3077 1560 3111 uno
1568 3065 1630 3112 teste
1637 3063 1765 3114 duobusne
1777 3066 1818 3115 de·

220 3140 265 3200 καί
276 3143 305 3198 σθ
319 3139 375 3216 μεθ’
391 3139 445 3205 ἐνθς
457 3139 514 3197 otti
530 3140 596 3216 μετὰ
611 3140 689 3211 δυοῖν,
706 3142 750 3216 (τι)
765 3139 821 3198 ἀλλ’
833 3144 867 3206 ὡς
881 3140 912 3198 θεν
928 3140 995 3216 μετδι
1042 3152 1172 3213 fungimur,
1190 3151 1231 3200 sed
1247 3152 1438 3213 quamplurimos
1448 3163 1615 3212 corrogamus,
1627 3164 1678 3213 qno
1689 3154 1715 3200 et
1728 3145 1818 3200 αιισίοτὶ

221 3226 348 3285 πλείστων
361 3225 495 3304 δυνώμεθα
503 3224 730 3306 τθςέκμαρτυρίας
737 3227 831 3291 πάντες
841 3226 997 3306 ποιούμεθα,
1042 3238 1455 3300 testimoniipostmodumnopntum
1466 3237 1521 3286 sita
1532 3237 1654 3299 seseriptu
1668 3252 1753 3287 rursm
1770 3238 1818 3287 inli-

220 3313 264 3371 ίνα
277 3317 314 3393 τῷ
323 3337 351 3371 τε
361 3314 587 3394 ἐκμαρτυρήσαντι
599 3314 635 3390 μή
647 3313 713 3384 ἐξείη
727 3312 832 3393 ὕστερον
847 3314 943 3394 ἐξάρνῳ
952 3338 998 3393 γε·
1042 3323 1819 3386 θῖοτῖ,εθτοοθθειιιίισορτοσιριῖυείιοθωθῖεουυθωίαεεθιιοιιιοτο

222 3398 308 3457 νίσθαι
319 3397 366 3469 τὴν
381 3400 535 3478 μαρτυρίαν,
553 3403 625 3476 ὑμεῖς
636 3424 664 3458 τε
682 3402 786 3466 πολλοῖς
799 3401 844 3458 καὶ
857 3404 945 3467 καλοῖς
956 3404 1000 3458 κοί·
1043 3414 1122 3474 plnres
1133 3415 1158 3461 et
1174 3412 1237 3460 inme
1251 3414 1325 3473 etque
1335 3411 1449 3473 dignitate
1458 3411 1568 3459 meliores
1576 3411 1632 3458 siut.
1644 3413 1694 3468 (nul
1703 3411 1821 3460 Xenocles

184 3523 209 3560 ¹0
223 3485 841 3563 γαθοῖςτοιῦταμαρτυροῦσιπιστεύοιτεμᾶλλον.
886 3489 933 3564 (τι)
947 3489 998 3546 Ξε·
1044 3499 1140 3561 quidem
1149 3498 1411 3561 ubilletumproseotus
1425 3501 1462 3547 est
1476 3497 1507 3546 ed
1521 3497 1643 3546 officinam
1657 3497 1818 3559 metelliano,

224 3573 316 3639 νοκλῆς
335 3569 419 3628 τοίνυν
433 3570 537 3639 Βήσαζε
555 3572 601 3647 μὲν
619 3571 664 3630 ἰὼν
685 3574 721 3638 εἰς
739 3572 768 3629 τὸ
786 3574 956 3652 ἐργαστήριον
967 3574 997 3631 τδ
1043 3597 1099 3646 quse
1107 3583 1140 3633 ibi
1149 3583 1217 3632 nobis
1227 3585 1286 3633 estu
1299 3583 1388 3645 Pyrrho
1398 3582 1492 3643 relioln,
1504 3583 1586 3631 uxoris
1594 3581 1692 3630 nomine
1704 3582 1820 3632 invado·

226 3655 352 3734 ἡμέτερον
368 3659 404 3721 εἰς
418 3653 451 3712 τά
462 3654 541 3736 ἔργα,
556 3659 605 3736 οὐχ
618 3658 737 3735 ἡγήσατο
752 3660 804 3716 δεῖν
821 3664 873 3726 τοῖς
887 3661 939 3717 ἀπὸ
953 3666 998 3719 τοῦ
1044 3670 1113 3732 dem,
1130 3683 1179 3719 nou
1195 3670 1349 3720 existimabat
1363 3672 1474 3731 oportere
1484 3669 1620 3718 solertibus
1632 3669 1770 3719 montionis
1785 3670 1821 3720 uli

228 3744 375 3821 αὐτομάτου
394 3747 447 3801 ἐκεῖ
459 3746 594 3823 ἐντυχοῦσι
612 3746 725 3826 μάρτυσι
747 3753 859 3826 χρῆσθαι
874 3748 933 3825 περί
953 3754 999 3820 τῆς
1043 3771 1103 3820 qrros
1115 3759 1163 3806 lors
1172 3761 1232 3806 esset
1241 3757 1379 3818 objectura,
1393 3756 1434 3806 sed
1451 3756 1476 3805 in
1487 3757 1550 3804 riom
1559 3769 1585 3804 se
1595 3755 1670 3805 dubet
1681 3756 1773 3806 hebens
1784 3770 1820 3807 se·

227 3830 369 3908 ἐξαγωγῆς,
380 3831 436 3889 ἄλλ’
448 3823 510 3903 ήκεν
520 3831 691 3911 ἐχωνένθίνδε
703 3833 843 3914 Διόφαντον
854 3834 897 3893 τδν
909 3836 999 3917 Σρήτ-
1043 3859 1099 3894 eum
1116 3845 1277 3908 Diopliantum
1289 3844 1439 3907 spirillum,
1451 3844 1553 3892 eundem
1563 3843 1605 3905 qni
1615 3844 1729 3892 Xenoclis
1740 3844 1764 3893 in
1779 3858 1821 3894 su·

225 3939 280 3973 τιον
292 3918 346 3990 μεθ’
360 3920 469 3990 ἑαυτοῦ,
484 3916 511 3984 θς
524 3917 596 3995 ἐλεγε
607 3917 653 3990 τήν
671 3917 743 3988 δίκην
757 3918 822 3998 ὑπὲρ
835 3920 939 3996 τούτου,
952 3923 998 3981 καὶ
1043 3932 1135 3994 periore
1152 3932 1246 3980 rollone
1265 3934 1381 3992 patronus
1397 3931 1455 3989 luit,
1467 3933 1492 3979 et
1508 3930 1657 3979 Dorotheum
1673 3930 1821 3980 memmium

227 4001 359 4080 Δωρόθεον
367 4002 411 4059 τθν
422 4001 581 4062 Ἐλευσίνιον
589 4005 635 4063 καί
646 4005 690 4063 τθν
702 4005 811 4084 ἀδελφὸν
823 4009 901 4066 αὐτοῦ
914 4011 997 4068 Φιλο·
1044 4019 1189 4080 fratremque
1201 4031 1273 4068 suum
1289 4018 1453 4068 Philoohsrem
1467 4017 1604 4078 multosque
1616 4017 1678 4066 elios
1687 4017 1718 4066 ed
1730 4020 1822 4068 testen-

227 4088 297 4164 χάρη
320 4087 365 4146 καί
385 4089 478 4154 ἄλλους
498 4089 607 4156 πολλοὺς
627 4090 774 4170 μάρτυρας,
794 4095 999 4172 παρακικληκιθς
1043 4107 1100 4155 dum
1110 4110 1267 4166 convocatos,
1274 4119 1335 4167 quos
1344 4105 1400 4154 hine
1408 4105 1464 4153 illue
1475 4105 1586 4166 perduxit
1593 4105 1712 4153 xmocles
1720 4117 1764 4166 per
1774 4111 1821 4152 tre·

191 4197 212 4236 ιι
229 4174 326 4231 ἐνθένθε
340 4175 458 4242 σταδίους
470 4174 543 4253 ἔγγὺς
555 4177 715 4256 τριακοσίους
729 4180 822 4236 ἐκεῖσε·
839 4183 884 4256 (ιο)
899 4181 959 4258 περὶ
972 4179 999 4239 δὲ
1044 4197 1113 4242 cents
1120 4194 1169 4241 lere
1177 4193 1268 4242 studio:
1281 4192 1329 4253 (23)
1339 4205 1412 4254 snper
1421 4192 1552 4240 elocutione
1559 4193 1640 4240 autem
1650 4192 1822 4255 mulierisque

227 4265 272 4329 τῆς
291 4260 382 4338 ἐγγύης
401 4265 446 4332 τῆς
465 4260 544 4333 τήθης
563 4267 614 4321 τῶν
633 4265 732 4322 παίδων
750 4268 802 4322 τῶν
816 4267 906 4324 ἑαυτοῦ
919 4269 945 4324 ἐν
963 4271 1000 4347 τῷ
1044 4279 1124 4329 liberis
1132 4281 1181 4328 onie
1189 4281 1242 4327 uria
1253 4281 1289 4328 est
1297 4315 1304 4339 ,
1313 4292 1389 4341 quum
1396 4278 1421 4327 in
1431 4278 1490 4327 urbe
1501 4279 1544 4326 nol
1553 4278 1606 4326 deri
1615 4283 1711 4328 cumret
1723 4278 1822 4328 atari·

229 4346 301 4404 αίστει
318 4347 492 4425 ἐκμαρτυρίαν
508 4347 558 4426 (ὥς
573 4352 652 4429 φησι)
668 4350 818 4425 ποιούμενος
831 4354 881 4408 τῶν
899 4350 945 4428 μέν
963 4355 1000 4411 οἰ·
1041 4366 1165 4427 monium,
1175 4366 1594 4415 necessariorumsuorumneminem
1601 4364 1821 4428 sdvoorssedepre

228 4432 304 4490 κείων
330 4434 420 4492 οθθίνα
442 4438 494 4492 τῶν
518 4439 608 4494 ἑαυτοῦ
634 4436 842 4516 παρακεκληκὼς
866 4438 1000 4517 φαίνεται,
1044 4450 1380 4510 henditur,se‹lsolummodo
1396 4451 1535 4512 Dionysium
1550 4450 1705 4500 Erchiensem
1722 4457 1748 4500 et
1763 4451 1817 4501 Ari·

229 4517 360 4578 Διονύσιον
374 4519 402 4578 δέ
418 4519 525 4601 Ἐρχιία
541 4522 585 4581 καί
602 4522 779 4603 Ἀριστολοχον
793 4523 836 4583 τὸν
846 4526 998 4598 Αἰθαλίδην·
1044 4539 1179 4588 ειοΙοοίιυιιι
1191 4537 1342 4587 AEthnlldem.
1360 4540 1406 4586 Per
1416 4537 1460 4586 lios
1469 4536 1530 4586 duos
1540 4537 1657 4586 Xenocles
1666 4538 1767 4600 ejrrsqus
1780 4550 1820 4586 so·

230 4604 297 4678 lm&
308 4606 375 4662 δυοῖν
391 4606 490 4664 ‘ml
502 4610 528 4665 ἐν
540 4611 577 4687 τῷ
589 4607 662 4666 (ἐπεί
674 4612 752 4668 αὖΐσῧ
767 4608 814 4680 σίν
826 4612 1000 4691 ἐκμαρτυρίαν
1044 4625 1633 4686 oiihioinurbeextestlmoninmsibiprocurasse
1643 4623 1736 4672 dieunt
1769 4626 1820 4673 llu-

229 4690 386 4760 ποιήσασθαί
394 4714 471 4771 φασιν
480 4685 680 4754 ούτοι.“1“οιαῦτα
692 4694 892 4772 μέντίιτούτων·
900 4691 936 4764 οἷς
947 4698 1000 4756 οὐδ’
1042 4712 1147 4773 jrrsniodi
1164 4714 1221 4762 sunt
1238 4725 1321 4760 eorum
1333 4714 1424 4773 mores}
1436 4710 1524 4773 quibus
1539 4723 1610 4758 nemo
1624 4710 1695 4758 focile
1705 4710 1757 4759 ulls
1773 4709 1819 4758 sliu

231 4775 262 4833 ἂν
282 4775 454 4854 πεθίθῗθέοῦν
466 4778 624 4839 πίστῑῦῦσῑσν
637 4782 717 4840 ἄλλου
733 4782 821 4849 offitio·
864 4785 909 4862 (οι)
923 4784 1002 4853 Ἴσως
1044 4800 1068 4848 ln
1090 4812 1117 4848 re
1140 4799 1212 4848 fidem
1229 4798 1348 4848 adhibent.
1382 4800 1431 4860 lul)
1450 4800 1481 4848 λθ
1496 4797 1588 4846 medius
1601 4796 1673 4845 fidius
1688 4797 1742 4845 leve
1760 4794 1817 4858 quid

190 4884 216 4922 ²⁰
230 4853 323 4948 -flpfiv
351 4861 382 4933 νδ
405 4863 456 4923 Δία
478 4865 606 4944 πάθίθῖθί
628 4870 672 4927 καί
691 4872 800 4948 φαῦλον,
820 4872 879 4950 πῑρί
902 4863 932 4930 οὗ
954 4872 1001 4942 σίν
1044 4890 1176 4949 οτοθιιθεςιιε
1189 4884 1816 4948 frivuumjd,cujusmussextoetimoniumappe

228 4948 486 5028 ἐ’ίίίθθτυθίθίπθθθ
498 4955 543 5007 τοῦ
555 4954 696 5032 Πυθῑῖίδθυ
709 4955 772 5037 φασί
789 4948 1000 5026 πθῑσίσσσθσῑοῖ·
1043 4973 1094 5024 tide
1111 4974 1136 5023 lni
1150 4974 1293 5036 posoebnnt,
1305 4977 1332 5022 ul
1345 4973 1483 5022 mirandum
1500 4972 1534 5021 nil
1551 4971 1624 5021 sitsb
1637 4985 1667 5019 eo
1686 4983 1735 5019 rem
1747 4969 1814 5018 ἰτίαοι

230 5029 1000 5121 τοι,ὥστεούδένθαυμαστὸνθλιγωρηθῆναιήντδπρᾶγμα.
1044 5063 1176 5111 truncum
1186 5062 1293 5111 socordio
1306 5063 1460 5110 intonasse?
1491 5059 1564 5121 Atqui
1577 5057 1635 5108 levis
1650 5058 1811 5115 haecresqul.

233 5120 286 5179 Καί
298 5124 351 5188 πῶς
359 5146 367 5194 3
376 5121 443 5181 ὥστε
452 5125 511 5203 περί
523 5126 601 5183 αὐτοῦ
610 5127 699 5186 τούτου
710 5133 723 5187 θ
736 5129 804 5198 ἀγὼν
814 5121 845 5200 ἦν
856 5133 869 5187 θ
881 5133 930 5188 τῶν
940 5134 999 5210 θεν·
1045 5162 1140 5210 qum,
1152 5149 1197 5199 erit
1207 5151 1243 5209 ei,
1253 5150 1291 5199 cul
1301 5149 1325 5197 in
1335 5148 1381 5198 ηας
1393 5149 1443 5210 ipso
1454 5148 1589 5198 verteretur
1598 5144 1672 5195 mulo
1681 5137 1811 5193 salominis
