3867 5917
375 373 400 415 u
961 351 1176 412 tumulato.

373 499 472 580 parte
490 483 640 553 faustam
650 483 744 552 nacti
765 481 942 551 fortunam
958 503 1099 571 sumus,
1112 496 1213 552 tanto
1233 479 1385 574 majores
1398 500 1574 548 aerumnas
1587 480 1703 547 versio
1713 477 1764 546 la·

373 606 448 675 tina
466 605 607 675 creavit.
625 604 767 673 Etenim
781 626 890 699 quam
915 604 1078 673 Reislrius
1093 601 1288 673 elaboravit
1305 600 1639 696 interpretationem
1665 598 1763 666 Anti·

374 725 541 822 phontis,
556 723 769 811 Andocidis,
792 725 904 819 Lysiae
918 739 951 794 et
964 725 1057 812 lsaei,
1071 726 1136 794 etsi
1156 722 1348 819 perutilem
1365 746 1441 792 esse
1456 744 1663 807 censemus,
1681 720 1758 814 ipsa

375 863 492 917 tamen
517 847 593 916 haec
615 845 748 916 utilitas
770 845 808 915 in
824 870 867 916 eo
883 846 1036 916 maxime
1050 847 1167 941 posita
1186 859 1256 933 est,
1271 842 1371 940 quod
1386 868 1460 913 non
1480 842 1684 911 versionem
1699 863 1762 909 au·

372 983 449 1038 ctor
470 966 589 1055 dedit,
609 966 673 1038 sed
686 965 918 1063 paraphrasin
935 969 1056 1064 potius
1071 983 1107 1037 et
1125 981 1266 1037 tantum
1284 990 1359 1037 non
1372 964 1673 1035 commentarium
1683 985 1763 1057 per·

372 1103 533 1184 petuum.
547 1088 724 1158 Nimirum
744 1111 966 1184 quaecunque
985 1088 1107 1185 paullo
1121 1088 1310 1159 obscurius
1323 1086 1420 1157 dicta
1434 1084 1615 1173 videntur,
1630 1083 1760 1154 ealon·

372 1211 424 1305 gis
447 1209 808 1280 circumlocutionum
833 1208 1043 1304 ambagibus
1076 1210 1244 1296 illustrat,
1275 1208 1479 1279 adstrictius
1502 1204 1674 1277 conclusa
1701 1204 1758 1274 vel

372 1331 561 1426 abruptius
574 1329 699 1425 juncta
713 1329 936 1425 interpositis
955 1331 1142 1400 sententiis
1155 1331 1192 1398 in
1213 1328 1524 1399 ratiocinationem
1540 1325 1595 1397 vel
1610 1327 1764 1397 inatten-

323 1510 335 1533 ,
373 1452 455 1522 tiori
480 1452 593 1522 cuivis
607 1467 788 1547 patentem
813 1449 962 1522 diducit.
985 1456 1060 1522 Hoc
1079 1453 1198 1547 itaque
1221 1465 1328 1546 pacto
1346 1474 1460 1546 quum
1478 1472 1630 1519 nervosa
1651 1447 1763 1518 seculi

372 1572 606 1669 Antiphontei
626 1571 780 1643 brevitas
798 1573 836 1642 in
856 1572 1095 1643 luxuriantem
1114 1572 1218 1643 abeat
1232 1571 1451 1659 ubertatem,
1467 1594 1534 1641 nec
1551 1585 1623 1640 tam
1636 1592 1762 1640 carnes

372 1692 552 1764 addantur
563 1692 718 1780 lacertis,
738 1717 846 1789 quarn
865 1693 994 1764 orandi
1008 1694 1062 1762 vis
1080 1718 1324 1790 saepenumero
1342 1693 1521 1788 frangatur
1536 1690 1764 1763 volubilitate

371 1814 594 1885 circulatoria
611 1840 619 1882 ε
635 1829 765 1910 sponte
775 1813 863 1885 hinc
882 1813 1056 1910 intelligas
1077 1815 1198 1885 solidae
1212 1815 1307 1886 illius
1322 1829 1358 1886 et
1374 1813 1531 1886 robustae
1548 1812 1763 1910 eloquentie

371 1961 447 2006 non
470 1933 581 2004 modo
599 1959 672 2004 non
689 1935 883 2029 imaginem
907 1933 1077 2031 praeberi,
1100 1933 1163 2004 sed
1190 1935 1248 2004 vix
1264 1934 1431 2005 umbram
1456 1933 1566 2003 ullam
1594 1930 1764 2027 relinqui.

371 2056 547 2127 Censebat
560 2080 645 2126 vero
660 2056 838 2126 Firminus
849 2056 961 2127 Didot
977 2055 1121 2128 laudem
1133 2057 1308 2128 versionis
1322 2081 1405 2127 cum
1421 2055 1673 2127 commentarii
1688 2077 1763 2123 me·

371 2176 442 2246 rito
463 2173 561 2245 haud
578 2174 670 2245 ultra
690 2175 943 2246 cumulandam
958 2201 1036 2247 esse
1051 2202 1158 2274 quam
1175 2176 1250 2247 fieri
1264 2191 1405 2274 posset,
1418 2192 1459 2246 ut
1474 2175 1573 2246 salvo
1587 2174 1763 2245 orationis

370 2296 492 2366 colore
506 2319 632 2365 sensus
645 2297 879 2391 aperirentur.
892 2301 973 2382 Quo
986 2298 1192 2386 accedebat,
1209 2299 1308 2394 quod
1329 2297 1590 2393 typographicae
1616 2318 1763 2392 quoque

370 2417 527 2487 rationes
546 2414 808 2511 impediebant,
828 2418 1024 2513 quominus
1047 2419 1157 2490 latina
1183 2420 1315 2489 ueistii
1346 2443 1542 2514 gracorum
1569 2441 1590 2487 e
1611 2416 1759 2511 regione

373 2550 650 2634 apponerentur.
663 2540 785 2632 ltaque
794 2538 831 2605 in
846 2537 946 2632 Lysia
960 2562 1038 2608 eam
1049 2538 1214 2610 dedimus
1231 2540 1450 2627 versionem,
1460 2563 1539 2636 quae
1559 2539 1605 2610 ab
1620 2544 1763 2633 Augero

370 2656 516 2729 condita
529 2681 675 2752 graecam
688 2658 888 2730 orationem
904 2657 948 2729 ad
965 2659 1114 2731 verbum
1134 2683 1234 2755 paeue
1246 2656 1396 2729 reddere
1411 2656 1519 2745 solet,
1535 2657 1626 2729 adeo
1651 2672 1694 2728 ut
1708 2657 1763 2728 vel

372 2780 483 2852 nimia
503 2778 597 2852 circa
614 2777 686 2850 hoc
703 2779 941 2876 trepidatione
957 2779 1139 2850 interdum
1165 2780 1303 2850 humile
1322 2778 1495 2876 quiddam
1514 2780 1672 2849 traxerit.
1698 2781 1763 2849 Ca·

369 2903 575 2997 stigavimus
593 2926 671 2972 earn
685 2902 774 2972 locis
783 2927 891 2998 quam
905 2902 1069 2997 plurimis
1083 2903 1215 2998 quibus
1232 2906 1389 2997 Augerus
1404 2916 1561 2972 mentem
1576 2904 1763 2999 scriptoris

370 3023 490 3093 minus
508 3004 583 3093 erat¹
598 3037 781 3092 assecutus
797 3023 853 3092 vel
863 3024 1087 3117 conjecturas
1102 3047 1183 3092 suas
1198 3014 1762 3118 inopportuneiutroduxerat.ln

369 3143 590 3239 Antiphonte
601 3157 721 3213 autem
740 3158 776 3213 et
793 3142 978 3216 Andocide
997 3158 1032 3214 et
1043 3147 1131 3214 Isaeo
1147 3167 1262 3240 quum
1275 3143 1542 3239 praeterReisltii
1556 3144 1763 3216 versionem

369 3263 437 3335 alia
449 3265 533 3335 satis
555 3263 686 3335 idonea
705 3289 780 3335 non
796 3265 995 3353 offerretur,
1011 3265 1059 3335 ita
1074 3289 1142 3335 nos
1157 3263 1318 3353 lecimus,
1331 3278 1371 3334 ut
1388 3263 1576 3335 Reisltiana
1589 3265 1763 3335 retinere·

371 3407 451 3453 mus
464 3383 672 3479 ubicunque
701 3384 846 3454 resectis
864 3383 1133 3480 supervacaneis
1156 3397 1192 3453 et
1210 3405 1409 3477 paucorum
1427 3381 1623 3452 verborum
1644 3396 1761 3452 muta·

373 3505 472 3574 tione
491 3501 536 3573 ad
561 3526 672 3597 graeca
692 3503 955 3575 accommodari
971 3516 1136 3599 possent,
1158 3502 1203 3572 de
1227 3527 1322 3573 novo
1337 3518 1459 3573 autem
1480 3517 1702 3573 verteremus
1722 3526 1762 3573 ea

371 3624 513 3710 omnia,
533 3646 611 3718 qure
625 3623 774 3693 liberius
790 3623 954 3694 Reisltius
978 3648 1044 3694 suo
1066 3621 1256 3717 indulgens
1274 3624 1420 3718 ingenio
1432 3623 1694 3694 efformaverat.
1721 3622 1759 3693 ld

372 3767 455 3813 vero
475 3743 512 3810 in
533 3742 754 3838 Antiphonte
768 3757 805 3813 et
817 3742 1003 3815 Andocide
1017 3759 1090 3814 tam
1104 3766 1198 3838 saepe
1211 3741 1341 3815 accidit
1365 3757 1406 3812 ut
1423 3744 1558 3813 intacta
1581 3766 1758 3839 perpauca

371 3859 617 3930 remanseriut.
649 3864 761 3956 Atque
782 3860 956 3933 hactenus
973 3862 1019 3935 de
1040 3864 1160 3962 priore
1176 3865 1246 3937 hoc
1272 3863 1474 3953 volumine3
1490 3864 1537 3937 de
1550 3864 1680 3953 altero,
1703 3864 1759 3935 cui

372 3980 486 4075 major
499 4004 579 4076 pars
594 3980 726 4052 laboris
739 3997 946 4072 reservatur,
964 4008 1030 4055 suo
1046 3984 1207 4058 dicemus
1219 3985 1311 4059 loco.
1321 3984 1422 4074 Vale,
1436 3984 1561 4076 lector,
1574 3985 1734 4082 faveque.

420 4199 587 4281 Panrsns,
613 4218 735 4265 mense
759 4198 902 4290 Augusti
926 4201 1209 4270 ttuccuxtvlt.

1314 4325 1399 4393 Can.
1427 4325 1587 4393 Miiuunn.
